2012 2724
577 225 665 272 386
874 217 957 258 DE
995 213 1318 258 FORAMINE
1351 212 1550 260 OVALi.

573 335 704 388 ipsum
737 331 858 372 illum
892 329 1091 382 angulum
1127 329 1433 371 coniuntstionis
1472 329 1651 372 duorum
1703 344 1840 376 ramo-

570 410 664 438 rum
689 428 700 448 ,
734 398 772 436 in
806 407 905 449 quos
942 406 1041 436 vena
1075 406 1172 435 caua
1209 396 1374 437 inferior
1411 394 1621 438 diuiditur.
1836 385 1841 388 ”

359 530 554 581 Dum-qnae
719 530 750 577 §.
790 535 859 572 25.
894 525 1098 582 Quamuis
1132 523 1230 565 haec
1265 524 1411 567 diuifio
1444 536 1566 567 venae
1601 537 1719 568 cauae
1776 527 1849 569 in-

360 576 725 660 fi‘fflc'flsstfffiferioris
760 594 800 630 in
834 595 932 632 duos
977 601 1112 630 ramos
1161 592 1285 630 etiam
1341 591 1382 631 in
1434 590 1569 630 vitulo
1620 604 1698 632 non
1751 593 1848 634 adeo

358 644 396 711 jn*
422 644 521 712 „ijo
568 667 800 709 comp-„irata
834 655 907 707 fit,
940 666 987 696 vt
1022 655 1189 706 cuiui5‚
1222 656 1352 696 obiter
1387 653 1455 694 has
1491 665 1616 705 partes
1653 657 1851 706 intuenti,

357 730 453 762 etim]
485 742 540 761 ‹r-
572 722 670 761 iiico
702 731 923 775 appareat,
955 731 996 761 et
1032 722 1169 774 sponte
1206 719 1314 771 quast
1352 722 1387 760 se
1422 720 1546 760 oculis
1577 720 1742 770 offeram
1766 732 1846 762 non

357 787 389 813 te
423 792 447 811 ¹⁶
477 793 519 826 ²¹?
574 799 707 826 minus
744 796 878 826 tamen
914 797 1008 826 vera
1041 785 1132 827 ideo
1166 784 1246 835 est,
1291 796 1362 825 nec
1419 787 1555 823 minus
1613 785 1814 824 manifesta
1838 813 1850 835 ‚

355 838 553 916 Fssfftg-‚H
573 851 794 890 dummodo
828 861 920 888 cuvn
956 849 1179 890 attentione
1209 848 1497 889 consideretur.
1584 847 1678 888 Non
1715 848 1851 889 solum·

380 928 456 978 Fig.
488 936 518 965 6,
555 905 685 954 ’enim
721 916 879 954 interne
915 913 957 952 hi
995 914 1097 952 rami
1133 916 1166 953 le
1206 913 1293 952 satis
1329 913 1608 960 manifestant,
1664 913 1722 953 sed
1773 924 1850 954 ex·

578 987 687 1018 terne
720 988 878 1030 quoque
902 1007 912 1026 ,
965 976 1065 1014 dum
1103 988 1123 1015 a
1161 987 1270 1027 parte
1303 976 1398 1015 bafis
1433 978 1565 1016 cordis
1598 987 1638 1016 et
1691 978 1731 1017 in
1782 981 1848 1018 su-

576 1040 738 1097 perficie
778 1039 982 1094 posteriori
1023 1051 1120 1079 vena
1155 1051 1248 1078 caua
1284 1049 1322 1077 ct
1359 1039 1464 1079 sinus
1517 1040 1850 1093 conspiciu11tnr5

575 1107 785 1147 euidenter
819 1115 981 1158 apparet
1003 1134 1014 1152 ,
1050 1114 1193 1142 venam
1216 1134 1226 1153 ,
1277 1104 1375 1142 dum
1432 1103 1566 1143 versus
1618 1114 1847 1157 vtrumqne

574 1169 708 1214 finum
732 1201 744 1221 ‚
779 1167 910 1218 magis
947 1177 1079 1207 tamen
1117 1167 1272 1218 semper
1314 1168 1449 1206 versus
1501 1166 1702 1207 sinistrum
1727 1198 1739 1216 ‚
1783 1166 1849 1208 vel

576 1235 715 1275 versus
749 1232 859 1273 hunc
893 1230 1022 1272 solum
1061 1230 1261 1270 adscendit
1282 1261 1294 1280 ‚
1325 1233 1337 1277 (
1363 1229 1434 1280 fig.
1467 1223 1512 1272 6.
1543 1232 1620 1278 v.)
1652 1232 1691 1269 in
1740 1241 1855 1283 parte

572 1297 772 1352 superiori
810 1297 945 1350 primo
977 1295 1167 1335 latiorem
1204 1293 1294 1334 fieri
1331 1291 1470 1345 (w),
1510 1302 1549 1333 et
1601 1294 1772 1346 denique
1814 1297 1851 1336 se

578 1364 666 1403 satis
698 1361 881 1403 distinete
916 1361 957 1400 in
995 1358 1069 1400 hoc
1103 1352 1252 1411 phriere
1289 1356 1629 1412 polle1·iori‚cum
1666 1359 1846 1399 anterior

575 1427 739 1468 breuior
774 1426 853 1468 basi
888 1424 1014 1466 cordis
1047 1422 1309 1476 applicatur,
1341 1423 1525 1464 diuidere
1560 1421 1599 1460 in
1641 1423 1743 1462 duos
1785 1435 1850 1462 ra-

578 1502 699 1543 mOS,
731 1502 911 1544 quorum
946 1489 1089 1528 dexter
1123 1486 1284 1538 longior
1317 1482 1426 1540 (z.)
1459 1484 1623 1539 oblique
1657 1486 1851 1527 dextror-

571 1556 660 1597 sum
696 1557 742 1596 ad
780 1555 913 1596 smum
949 1551 1073 1593 huius
1103 1550 1238 1592 lateris
1269 1551 1498 1599 adscendit,
1545 1561 1669 1603 eoque
1715 1551 1847 1604 ipsum

573 1619 650 1661 hoc
686 1622 890 1673 spatium,
925 1629 1008 1671 quo
1040 1627 1233 1659 truncum
1269 1628 1396 1657 venae
1429 1628 1449 1656 a
1483 1617 1629 1656 dextro
1663 1613 1747 1655 sinu
1783 1628 1851 1656 re-

575 1695 743 1725 motum
778 1686 853 1725 effe
884 1683 1005 1730 dixi,
1038 1681 1236 1722 emetitur
1257 1709 1269 1729 ,
1317 1680 1423 1732 quod
1460 1682 1501 1720 ni
1537 1679 1653 1719 fieret
1675 1709 1687 1729 ‚
1735 1679 1851 1722 facile

576 1750 721 1799 vides,
755 1760 879 1789 venae
915 1758 1034 1786 cauae
1071 1742 1273 1785 inferioris
1306 1753 1504 1784 truncum
1547 1754 1618 1782 aut
1661 1756 1741 1782 non
1784 1755 1849 1782 re-

574 1822 739 1854 motum
774 1825 794 1853 a
831 1810 952 1865 plano
986 1808 1169 1850 verticali
1205 1807 1312 1848 finus
1343 1807 1510 1856 dextri,
1544 1816 1614 1846 aut
1652 1819 1731 1847 non
1783 1811 1854 1846 in-

575 1878 728 1918 sertum
763 1875 855 1917 huic
887 1874 992 1915 sinui
1026 1874 1102 1914 effe
1137 1871 1251 1927 poffe.
1334 1872 1392 1911 Vt
1427 1872 1505 1924 ipse
1540 1869 1609 1911 hic
1646 1869 1742 1910 situs
1773 1883 1850 1911 ve-

577 1952 649 1983 nae
682 1953 801 1982 cauae
830 1939 1010 1993 respee'tu
1059 1938 1221 1979 sinuum
1263 1946 1554 1988 argumentum
1606 1933 1655 1975 fit
1706 1947 1849 1976 ramo·

577 2018 671 2046 rum
701 2037 712 2055 ‚
746 2007 789 2046 in
821 2016 922 2059 quos
955 2003 1101 2044 necesse
1134 2003 1185 2042 est
1210 2032 1221 2052 ,
1260 2010 1308 2040 vt
1344 2013 1441 2042 vena
1487 2012 1582 2040 caua
1632 1999 1845 2041 diuidatur.

575 2071 744 2115 Sinister
775 2080 913 2111 ramus
946 2069 1129 2117 breuior,
1162 2066 1222 2107 sed
1255 2077 1333 2105 non
1370 2066 1505 2106 minus
1537 2064 1745 2106 distinctus
1776 2065 1846 2114 est,

576 2132 649 2187 (x.
682 2136 758 2186 y.)
793 2136 863 2187 qui
897 2133 1058 2188 oblique
1090 2130 1361 2172 sinistrorsum
1394 2122 1437 2174 in
1471 2129 1604 2173 finum
1638 2128 1846 2171 sinistrum

573 2199 614 2242 se
644 2200 729 2245 cito
757 2200 977 2255 immergit
1006 2207 1048 2243 et
1080 2197 1289 2257 euanescitg
1692 2255 1716 2304 ς
1797 2249 1826 2294 6

1717 2282 1730 2295 ·
1769 2268 1789 2298 2
1825 2282 1840 2296 .
