2012 2724
447 213 532 257 DE
568 207 890 258 FORAMINE
922 208 1121 254 OVALI.
1329 216 1421 267 295

142 327 348 372 auriculae
372 360 384 381 ,
415 331 464 370 ob
497 327 940 382 complicationemque
975 326 1154 382 partium
1206 323 1426 368 obseruan-

144 397 288 436 darum
349 396 520 448 ipsarum
577 392 729 433 nonnis*
785 391 950 432 obscure
1001 393 1201 446 percipi,
1250 392 1426 432 minime

144 471 330 501 accurate
364 459 556 500 obstruari
583 483 594 504 ‚
650 469 719 496 nec
760 457 954 496 mantibus
989 457 1149 497 tractari
1172 485 1185 505 ‚
1232 455 1425 510 disponi,

143 525 368 565 examinari
407 530 608 577 poterunt.
672 519 769 560 Sola
805 519 946 562 siccata
980 521 1098 561 corda
1135 520 1290 561 facilius
1345 519 1422 564 hac

142 589 341 631 methodo
375 585 487 627 secari
511 617 522 635 ‚
557 585 616 624 sed
651 586 701 626 ob
733 585 811 626 alia
851 587 1106 628 incommoda
1160 585 1297 624 minus
1333 586 1419 626 vti-

136 650 264 695 liter
278 652 454 694 adhiberi
512 647 683 704 possunt.
775 650 1044 704 Vbiptimum
1098 660 1239 692 contra
1274 648 1418 691 sectio-

138 729 231 757 nem
269 717 308 755 in
343 717 460 755 corde
496 714 645 756 recenti
699 725 770 755 aut
825 715 949 757 molli
1003 715 1244 769 produxeris
1296 713 1417 767 plane

136 795 208 835 per
221 764 523 830 breuissim·1m‚
559 791 657 831 quae
689 779 855 820 inferius
888 781 1021 831 restat,
1058 791 1202 820 venam
1239 790 1416 830 cauam3

134 844 269 884 omnia
308 844 406 883 ilico
439 843 629 884 obstacula
665 848 920 885 euanescunt.
1006 843 1135 884 Nam
1163 846 1290 898 parics
1340 855 1416 895 po-

132 906 270 948 sterior
306 907 411 948 smus
448 920 555 948 nunc
597 920 674 947 vna
722 920 821 948 curn
881 920 1007 948 venae
1056 908 1212 960 pariete
1263 905 1415 946 rcfltsti

129 973 291 1025 potest,
325 985 408 1026 quo
443 982 554 1012 totus
609 971 717 1011 finus
765 974 907 1012 dexter
956 982 1035 1010 vna
1088 981 1183 1011 cum
1234 971 1415 1024 partibus

126 1039 326 1077 contentis
359 1036 637 1090 explanatur,
679 1047 721 1076 et
768 1038 912 1077 omnia
964 1036 1170 1076 manifesta
1220 1035 1411 1080 euadunr.

124 1100 235 1156 Quid
271 1102 426 1142 mirum
462 1113 575 1153 ergo,
610 1100 638 1141 fi
673 1112 811 1149 nemo,
846 1101 922 1142 nist
958 1101 999 1141 in
1035 1100 1148 1141 ssecis
1193 1112 1410 1155 praepara·

126 1167 209 1213 tis,
258 1166 376 1208 aliter
428 1166 644 1206 (echonem
703 1162 924 1205 instituit?
991 1165 1149 1206 Verum
1201 1164 1292 1206 hac-
1325 1165 1408 1219 ipsa

123 1230 292 1270 sectione
347 1241 453 1269 nunc
510 1227 729 1281 primariae
780 1240 941 1283 quoque
994 1239 1136 1269 carum
1191 1229 1408 1282 partium,

125 1305 220 1348 quas
257 1294 364 1333 noffe
399 1293 573 1343 interest,
608 1293 897 1343 destruuntur,
930 1301 971 1333 et
1005 1293 1145 1333 omnia
1179 1295 1277 1334 adeo
1310 1305 1408 1345 per-

123 1359 338 1399 turbantur
375 1387 387 1408 ,
447 1366 493 1398 vt
543 1369 584 1398 et
621 1388 634 1409 ‚
697 1351 799 1410 quae
851 1360 1030 1409 integrae
1077 1359 1404 1412 construantur,

125 1424 232 1476 ipsae
267 1425 446 1473 cognosci
483 1434 562 1462 non
599 1421 756 1475 possint.
842 1421 988 1462 Primo
1031 1423 1144 1462 enim
1181 1422 1279 1462 ilico
1311 1424 1402 1464 ori·

123 1487 267 1528 ficium
306 1488 500 1527 dextrum
525 1498 659 1526 v-venae
691 1497 809 1526 cauae
845 1487 1046 1527 infcrioris
1067 1517 1079 1537 ,
1115 1498 1197 1538 quo
1234 1488 1273 1527 in
1302 1488 1404 1528 dcx-

120 1559 233 1592 trum
268 1549 400 1592 smum
438 1550 619 1604 aperitur
641 1580 652 1601 ‚
708 1560 749 1590 et
782 1561 866 1603 quo
899 1551 945 1591 ab
980 1549 1057 1590 hoc
1112 1551 1197 1592 ssnu
1253 1552 1402 1593 distin-

120 1617 264 1667 guitur
286 1646 298 1663 ,
336 1616 549 1657 necessario
581 1615 744 1668 quidem
769 1642 780 1663 ,
811 1615 1042 1656 d‹-strnitur.
1125 1615 1284 1657 Deinde
1317 1627 1398 1658 vna

117 1692 215 1722 cum
250 1679 408 1721 orificio
440 1681 564 1722 etiarn
600 1679 767 1720 valuula
805 1672 1099 1725 EVSTACHH
1152 1681 1399 1732 dissecatur,

115 1752 156 1784 et
187 1754 280 1784 curn
317 1743 533 1796 parietibus
562 1753 693 1785 venae
725 1754 837 1784 extra
883 1749 998 1785 tuum
1045 1746 1170 1786 (itum
1217 1744 1398 1786 reflecti-

120 1816 200 1853 tur.
273 1804 457 1862 Denique
480 1839 493 1860 ‚
526 1809 624 1849 dum
659 1807 866 1850 orificium
906 1812 1096 1851 demtum
1119 1842 1130 1860 ‚
1174 1821 1259 1862 quo
1311 1809 1396 1850 folo

116 1873 267 1913 cauitas
294 1871 403 1913 finus
439 1874 573 1915 dextri
602 1885 625 1913 a
659 1876 834 1916 cauitate
866 1887 988 1915 venae
1021 1886 1137 1916 canae
1189 1874 1394 1915 inferioris

117 1937 308 1987 distingui
345 1938 780 1991 potest‚-desttuitur;
815 1941 855 1980 in
896 1941 1047 1994 pariete
1083 1939 1291 1993 posteriori
1315 1951 1391 1979 ve-

117 2013 190 2043 nae
221 2011 339 2041 cauae
372 2001 586 2054 inferioris,
616 2011 715 2057 quae
749 2005 900 2059 aequali
939 2002 1171 2057 superficie,
1204 2004 1391 2043 maxime

119 2064 163 2106 in
198 2063 381 2116 adultis,
413 2067 454 2106 in
492 2065 601 2106 finus
656 2069 848 2122 parietem
901 2070 1142 2116 continuat,
1191 2067 1289 2119 quid
1340 2067 1390 2109 ad

119 2140 262 2171 venam
285 2157 298 2179 ‚
326 2131 422 2184 quid
457 2130 503 2172 ad
538 2130 669 2173 finum
704 2134 935 2187 pertineat,
967 2132 1084 2174 nullo
1119 2141 1226 2170 nunc
1259 2143 1389 2185 porro

120 2192 234 2247 {agno
266 2195 461 2250 distingui
493 2196 632 2253 potest.
697 2198 807 2252 Quid
841 2200 1002 2240 mirum
1033 2207 1152 2251 erge,
1185 2195 1229 2250 fi,
1260 2207 1386 2246 quem

704 2262 833 2306 Ddd
867 2274 894 2301 2
1259 2257 1385 2302 semel
