2012 2724
559 237 616 281 39-
979 231 1094 282 ”2213
1127 232 1141 278 (
1175 242 1202 272 0
1236 227 1249 286 )
1281 227 1396 280 &303-

554 344 706 384 dinatas
739 354 768 383 x
789 372 800 393 ‚
826 355 883 397 y,
916 352 941 383 z
974 341 1169 385 definitur
1190 372 1202 393 ‚
1253 355 1349 398 quas
1400 342 1524 396 igitur
1573 342 1829 400 vttfunffio·

558 419 625 449 nes
660 409 859 461 temporis
894 407 1058 461 speetari
1091 417 1286 461 oportet,
1319 410 1418 449 dum
1455 410 1607 462 priores
1641 409 1696 459 X,
1717 408 1828 460 Y‚Z

556 480 717 517 tantum
754 473 798 513 ad
834 472 978 513 statum
1015 470 1216 512 initialem
1252 474 1494 516 referuntur.
1576 472 1671 528 Quo
1705 474 1830 525 igitur

556 547 608 577 ex
644 538 828 589 priorum
866 535 987 577 huius
1021 537 1194 590 duplicis
1229 539 1384 589 generis
1436 537 1711 591 quantitatum
1763 548 1831 577 va-

554 600 773 642 riabilitate
811 610 894 641 tam
931 612 1068 641 motus
1102 600 1288 642 clementi
1325 599 1415 641 dM
1437 632 1448 651 ‚
1482 613 1605 655 quam
1641 602 1725 641 eius
1757 613 1827 641 ac-

554 664 746 705 celeratio
776 662 1036 705 determinari
1071 672 1218 716 queat,
1277 665 1343 705 lll.
1380 665 1537 705 Auctor
1571 676 1736 707 motum
1772 667 1829 706 se-

553 730 735 768 cundum
774 738 903 769 ternas
936 727 1178 768 direcstiones
1211 727 1311 769 fixas
1346 729 1382 768 se
1419 729 1598 769 inuicem
1633 729 1831 770 normali·

554 801 616 831 ter
649 793 888 832 decurrentes
922 790 1115 841 resoluit,
1165 791 1270 831 vnde
1324 800 1406 830 tam
1459 802 1591 832 ternae
1638 792 1829 834 elementi

553 853 780 895 celeritates
812 866 934 906 quam
972 854 1276 896 accelerationes
1310 855 1520 896 secundum
1560 855 1714 896 easdem
1769 857 1831 897 di·

552 917 754 959 rectiones
788 917 1052 959 definiuntur.
1118 917 1248 957 Porro
1297 930 1437 958 omnes
1492 919 1633 968 vires,
1683 919 1828 972 quibus

550 993 700 1037 corpus
737 982 811 1024 hoc
848 994 1030 1036 tempore
1064 981 1300 1024 sollicitatur
1333 983 1457 1023 etiam
1497 983 1713 1023 secundum
1752 995 1830 1024 ter-

554 1058 621 1086 nas
655 1047 743 1087 illas
775 1048 1019 1089 diretffiones
1049 1045 1315 1096 resoluendO,
1368 1046 1396 1087 fi
1431 1058 1481 1087 ex
1515 1046 1704 1088 omnibus
1736 1060 1829 1087 con-

553 1109 705 1150 iunctis
739 1112 846 1153 vires
888 1112 1071 1152 oriantur
1114 1109 1180 1164 P,
1211 1109 1284 1167 Q,
1317 1109 1386 1162 R,
1434 1111 1527 1164 quia
1580 1111 1671 1152 istae
1721 1111 1828 1153 vires

549 1174 727 1215 summis
759 1175 953 1216 omnium
990 1174 1148 1216 virium
1184 1173 1526 1217 acceleratricium
1562 1175 1725 1228 aequari
1762 1175 1829 1216 de-

552 1237 677 1287 henr,
713 1240 802 1279 inde
838 1249 917 1278 tres
952 1239 1168 1279 nascuntur
1203 1240 1456 1292 aequationes
1491 1238 1736 1291 integr-alm,
1787 1239 1828 1280 in

551 1302 696 1355 quibus
730 1312 888 1354 tempus
920 1311 938 1342 t
975 1313 1018 1342 vt
1069 1303 1243 1343 constans
1294 1303 1523 1354 spectatur,
1573 1301 1727 1344 etiamsi
1782 1303 1825 1343 iu

550 1366 742 1407 formulis
773 1364 1101 1407 differentialibus
1135 1379 1211 1420 pro
1247 1365 1518 1407 celeritatibus
1553 1375 1593 1405 et
1627 1365 1827 1406 accelera-

553 1429 727 1470 tionibus
763 1431 800 1470 id
834 1431 962 1472 tolum
1000 1442 1076 1482 pro
1113 1427 1294 1470 variabili
1332 1428 1378 1469 fit
1413 1429 1609 1470 habitum.
1664 1426 1825 1468 Deinde

550 1505 645 1533 cum
681 1495 818 1533 omnia
860 1496 1015 1535 virium
1048 1493 1393 1537 acceleratriciurn
1419 1502 1623 1532 momenta
1648 1491 1823 1544 respectu

553 1566 765 1598 ternorum
803 1558 943 1597 axium
984 1556 1105 1596 timul
1139 1557 1267 1596 sumta
1304 1554 1480 1608 aequalia
1517 1556 1623 1596 reddi
1658 1553 1824 1595 debeant

553 1620 777 1659 momentis
809 1631 860 1658 ex
896 1619 1049 1659 viribus
1101 1619 1400 1658 sollicitantibus
1452 1618 1628 1669 respectu
1683 1619 1822 1658 axium

551 1683 762 1730 deductis,
795 1685 884 1723 inde
921 1683 1068 1722 iterum
1102 1693 1182 1723 tres
1225 1682 1480 1734 aequationes
1520 1680 1744 1727 oriuntur,
1781 1682 1822 1722 in

550 1747 693 1799 quibus
745 1746 845 1787 solae
897 1745 1138 1800 quantitates
1181 1747 1258 1796 X,
1295 1745 1335 1786 Y
1360 1774 1372 1794 ,
1410 1741 1448 1785 Z
1479 1745 1567 1784 sunt
1602 1743 1823 1788 variabiles.

552 1809 775 1853 Formulae
809 1820 946 1851 autem
987 1808 1197 1862 integrales
1229 1810 1269 1850 in
1307 1808 1411 1850 hitce
1453 1811 1518 1851 sex
1571 1809 1824 1859 aequationi-

550 1876 621 1916 bus
656 1886 941 1924 occurrentes,
993 1886 1093 1926 quae
1129 1883 1287 1914 tantum
1340 1874 1388 1912 ad
1444 1871 1588 1912 statum
1643 1874 1824 1925 corporis

551 1940 752 1979 initialem
789 1940 1016 1979 referuntur
1053 1951 1121 1990 per
1156 1947 1283 1977 totam
1316 1937 1500 1988 corporis
1537 1933 1697 1974 massam
1734 1938 1822 1977 sunt

551 2004 855 2053 extendendae,
891 2005 995 2043 vnde
1029 2013 1157 2042 certae
1191 2000 1409 2042 constantes
1441 2011 1460 2038 a
1495 1998 1624 2051 figura
1668 2008 1705 2038 et
1757 2000 1822 2040 in-

552 2067 643 2106 dole
677 2067 858 2121 corporis
902 2068 1115 2120 pendentes
1163 2065 1203 2104 in
1253 2063 1454 2105 calculum
1509 2061 1822 2115 ingrediuntur,

553 2132 697 2183 quibus
729 2130 966 2170 introduc'tis
999 2129 1131 2171 nullae
1164 2127 1265 2169 aliae
1303 2127 1508 2168 variabiles
1537 2128 1711 2175 adsunt,
1747 2125 1819 2168 nist

553 2205 657 2248 quae
691 2207 712 2234 a
744 2204 927 2248 tempore
961 2204 977 2236 t
1015 2195 1225 2250 pendeant.
1288 2191 1399 2235 Cum
1430 2200 1565 2235 autem
1601 2188 1697 2231 facta
1733 2191 1822 2231 sub·

1610 2253 1818 2295 stitutione
