2012 2724
534 178 1134 229 CONTINVIS.
1429 197 1453 238 ς

177 298 241 340 vbi
276 309 313 340 m
347 296 494 340 indicat
527 305 748 336 numerum
782 295 1104 352 qualemcunque
1139 296 1221 341 fine
1265 298 1451 342 affirma·

177 364 315 404 tiuum
352 361 432 404 fiue
467 359 738 412 negatiuum,
790 363 993 412 integrum
1030 373 1103 403 aut
1140 363 1311 405 fractum
1337 396 1349 416 ‚
1384 378 1458 408 ra-

177 427 372 470 tionalem
409 433 476 464 aut
512 424 823 466 irrationalem:
859 426 901 467 Si
939 437 1132 481 ponatur,
1166 428 1268 469 hanc
1287 441 1457 484 expres-

176 491 329 534 fionem
368 490 562 530 continue
598 491 728 539 magis
763 490 971 544 magisque
1005 503 1252 543 conuergcre
1287 496 1335 534 ad
1370 506 1457 535 cer-

173 563 266 595 tum
303 562 344 594 et
377 554 694 594 determinatum
730 553 907 608 aliquem
943 554 1151 604 valorem,
1182 557 1326 597 neccffc
1358 554 1457 606 erit,

171 627 219 659 vt
274 618 359 671 post
411 630 633 658 numerum
667 617 880 659 infinitum
914 630 1263 661 concatenatarum
1299 623 1457 663 fractio·

171 692 275 722 num
296 710 307 730 ,
341 682 460 723 valor
494 681 755 737 expressionis
786 683 894 723 haud
933 696 1059 737 porro
1100 684 1294 734 varietur,
1326 686 1354 726 si
1377 699 1454 728 no-

170 759 222 788 va
262 747 516 799 superueniat
551 748 704 787 fractio,
790 746 855 787 Sit
888 748 1022 800 itaque
1071 761 1147 800 pro
1196 749 1453 791 frastionibus

169 809 368 852 infinities
401 809 586 862 repetitis
618 809 734 849 valor
768 811 1034 865 expressionis
1067 809 1164 850 :S
1198 823 1319 864 atque
1357 825 1451 866 puta

168 887 325 915 nouum
363 872 530 928 praefigi
567 874 791 915 terminum
814 905 826 926 ‚
870 876 926 916 ita
958 885 1006 918 vt
1039 875 1111 926 qui
1161 876 1238 915 fuit
1291 877 1454 928 primu·

167 951 276 981 nune
327 936 400 979 fiat
452 940 680 990 secundum
740 940 820 979 erit
874 950 971 982 tunc
1024 939 1142 979 valor
1193 940 1453 993 expreffionis

168 1007 379 1072 ..τῖ’ῑ-ςς
438 1013 555 1057 atque
615 1003 670 1046 fic
727 1002 963 1047 habebimus
1011 1003 1121 1057 (per
1171 1001 1455 1076 hypothesin)

168 1085 422 1157 S--nss-S,
455 1086 538 1127 siue
572 1079 868 1135 5⁹4-m811
908 1085 977 1128 vel
1009 1080 1460 1151 SZ—m-i-134-mm'

167 1175 270 1218 quae
304 1163 456 1205 solutio
487 1162 710 1217 vnicuique
737 1161 861 1204 obuia
889 1163 963 1206 est.

319 1275 350 1324 ς.
388 1286 434 1322 3,
467 1274 601 1314 Verus
649 1275 792 1328 vtique
845 1272 962 1314 valor
1014 1269 1103 1321 est,
1154 1280 1278 1324 quem
1331 1267 1459 1309 modo

170 1337 386 1386 dedimus,
435 1347 551 1390 atque
604 1337 632 1378 fi
670 1341 718 1379 ad
751 1337 944 1391 exempla
982 1347 1084 1389 pure
1119 1332 1330 1375 numerica
1363 1333 1459 1372 des-

171 1402 336 1440 cendere
368 1401 520 1452 lubeat,
553 1401 784 1442 luculenter
819 1401 1057 1454 apparebit,
1090 1409 1212 1450 quam
1248 1398 1333 1437 cito
1366 1395 1456 1450 ple-

173 1474 350 1515 rumque
386 1475 408 1500 a
441 1465 580 1513 quauis
613 1477 716 1503 noua
751 1466 899 1508 adiecta
935 1464 1133 1503 (tacilone
1172 1460 1368 1512 expressio
1405 1459 1455 1500 ad

173 1526 356 1567 valorem
396 1526 516 1567 istum
551 1535 806 1578 approperet.
871 1524 955 1573 Sit,
990 1524 1101 1564 verbi
1138 1524 1290 1572 gratia,
1318 1523 1460 1573 m:;,

173 1590 279 1631 dabit
316 1588 496 1629 formula
533 1588 657 1627 nostra
679 1615 689 1633 ‚
725 1600 802 1639 pro
835 1587 1084 1640 expressione
1121 1585 1453 1624 infiniti-mem·

169 1655 268 1701 bri,
299 1652 443 1700 Szg.
509 1649 573 1689 At
608 1649 637 1690 s1
670 1652 851 1690 sumatur
891 1648 1008 1689 valor
1056 1647 1314 1700 expressionis
1365 1650 1457 1688 suc-

170 1715 314 1758 ceffiue
345 1729 421 1768 pro
451 1713 646 1755 fruetione-
678 1715 814 1768 prima
849 1711 1054 1768 simplici,
1083 1711 1173 1751 dein
1196 1724 1270 1765 pro
1290 1710 1459 1752 fractio-

171 1793 226 1822 ne·
253 1780 506 1831 bimembri,
539 1779 768 1819 trimembri
803 1789 845 1819 et
878 1775 1234 1830 quadrimembri,
1288 1775 1455 1814 obtine-

174 1846 329 1885 buntur
361 1846 517 1885 valores
551 1843 727 1897 specifici
760 1845 807 1894 ξς
843 1845 907 1893 ζξς
941 1845 992 1894 323
1037 1852 1077 1880 et
1110 1838 1208 1890 33⁸3,
1261 1839 1303 1878 in
1358 1840 1455 1892 qui-

174 1909 277 1956 bus,
311 1907 339 1947 fi
373 1906 650 1949 numeratores
686 1908 935 1950 retineantur
956 1937 968 1957 2
1008 1906 1335 1946 denominatorcs
1368 1903 1448 1944 sola

173 1972 332 2012 vnitate
362 1972 543 2012 aberrant
565 2000 577 2019 ‚
627 1972 791 2014 alternis
823 1972 978 2012 vicibus
1013 1972 1055 2011 in
1090 1968 1242 2008 defertu
1280 1967 1358 2007 siue
1406 1967 1447 2006 in

177 2034 332 2076 exceffn
353 2065 364 2084 ‚
398 2036 499 2074 vnde
530 2047 718 2088 apparet,
749 2039 872 2092 quam
906 2037 990 2075 cito
1025 2032 1235 2074 traetiones
1258 2032 1450 2084 abruptae

176 2109 426 2150 conuergant
477 2098 521 2139 ad
567 2101 814 2153 propositam
868 2100 1104 2140 lradlionem
1161 2096 1454 2136 infinitimem·

177 2164 290 2206 brem
325 2165 492 2219 eiusque
527 2163 708 2206 valorem
741 2166 791 2217 ὃς
825 2163 983 2206 etiamsi
1036 2173 1116 2220 pro
1166 2173 1203 2203 m
1254 2169 1453 2202 numerus

786 2229 831 2271 A
867 2240 892 2280 0
1303 2222 1455 2266 {taetus
