2012 2724
441 199 526 244 DE
563 195 902 244 FORAMlNE
934 162 1138 245 OvAm.
1335 216 1423 256 401

145 315 392 372 respondet,
424 325 465 357 et
499 326 675 357 vacuum
719 314 1005 356 ventriculum
1057 316 1218 369 cordis,
1267 318 1328 362 sed
1381 319 1423 363 in

146 383 326 424 alterum
364 382 493 422 sinum
532 383 731 428 tranieat,
764 379 833 431 qui
869 379 946 433 ipie
980 381 1169 433 sanguine
1205 385 1285 424 iam
1333 384 1425 440 ple-

145 459 220 488 nus
251 447 302 488 est
324 475 334 495 ,
372 457 411 487 et
447 447 526 500 ipse
559 444 667 484 hunc
705 445 821 482 suum
857 444 1090 495 sanguinem
1131 448 1265 500 potius
1285 449 1428 504 expel-

146 512 227 553 lere
263 522 445 551 conatur.
512 509 602 549 Hoc
636 518 763 558 ergo,
799 506 876 547 hoc
912 507 1014 549 illud
1052 510 1107 550 est
1149 514 1336 561 tandem,
1366 513 1424 555 mi

147 576 297 617 Lector
319 607 330 627 ‚
362 573 468 627 quod
504 584 584 613 non
622 571 780 625 potrum
819 585 899 612 non
934 573 1226 628 reprehendere
1267 578 1423 630 paulu—

146 640 238 681 lum
273 637 539 681 Anatomicos
575 646 615 678 et
650 635 939 689 Pliyssolog05‚
977 640 1082 692 quod
1119 652 1197 681 non
1232 643 1422 694 viderint,

145 705 255 759 qnod
287 704 387 745 adeo
421 701 592 757 planum
629 710 668 742 et
704 702 804 744 adeo
839 703 1094 745 manifestum
1126 704 1194 746 est.

290 831 322 880 §.
363 844 436 886 39.
473 832 624 876 Vnum
661 832 789 875 adhuc
823 833 910 883 est,
943 835 1053 887 quod
1089 835 1223 878 notari
1256 836 1385 878 velim
1410 826 1576 909 ,Χῗῑᾶθξ

139 894 247 949 quod
296 898 425 938 ideam
482 897 604 939 huius
638 899 694 938 rei
747 907 790 938 et
838 898 1058 938 clariorem
1108 910 1149 941 et
1201 888 1594 972 vtiliorempJJtiu‘g,a

137 961 290 1003 efficiet
311 992 323 1013 ‚
353 962 509 1004 causam
547 973 726 1015 nempe,
757 971 830 1001 cur
865 960 954 1001 fieri
991 974 1071 1002 non
1115 963 1248 1017 polilt,
1291 973 1337 1004 vt
1367 975 1541 1010 exmotus
1569 979 1640 1013 san-

138 1037 226 1067 vno
261 1025 303 1066 in
337 1023 517 1075 alterum
551 1024 685 1066 smum
707 1026 865 1078 sanguis
886 1027 1069 1075 transeat,
1086 1027 1273 1069 breuibus
1290 1029 1422 1070 verbis
1436 1029 1567 1071 guinis,
1594 1029 1638 1062 ita

135 1090 373 1144 expreffam.
441 1090 500 1132 Ea
523 1119 536 1141 ,
579 1100 626 1131 vt
661 1091 774 1132 facile
809 1102 861 1132 ex
904 1092 1243 1135 demonstratione
1277 1094 1310 1143 §.
1351 1090 1478 1161 3·γᾷΧ
1517 1085 1614 1136 '¹309'

135 1156 281 1205 vides,
343 1155 459 1196 nulla
496 1157 573 1196 alia
604 1155 692 1203 est,
743 1165 864 1207 quam
919 1154 1160 1197 fimultanea
1213 1161 1424 1209 Vtriusque
1443 1139 1602 1214 ffifflffs'}

135 1219 242 1262 finus
293 1219 469 1271 systole,
528 1215 847 1270 simultaueaque
888 1222 1048 1258 rursum
1098 1221 1283 1263 eiusdem
1333 1221 1583 1276 dia-partium

137 1283 250 1333 stole,
268 1293 308 1323 et
342 1294 429 1322 vno
464 1283 607 1322 verbo:
641 1280 904 1333 synchronus
939 1281 1104 1323 sinuum
1130 1297 1279 1326 motus.
1316 1285 1424 1327 Hinc
1439 1292 1573 1338 quo-que

137 1359 264 1400 porro
301 1346 509 1398 sequitur:
544 1345 820 1402 Quaecunque
857 1349 1084 1399 generatim
1132 1351 1219 1390 vasa
1256 1349 1416 1404 pulsan-
1435 1331 1638 1416 {RHWPOE‘

140 1411 194 1450 tia
234 1408 304 1464 (se
339 1410 622 1452 contrahentia
657 1410 893 1452 alternatim
929 1420 970 1451 et
1008 1412 1216 1455 dilatantia
1239 1443 1252 1464 ,
1282 1413 1420 1467 qualia
1482 1407 1492 1416 ⁵

137 1476 228 1516 sunt
261 1475 482 1517 ventriculi
517 1475 683 1526 cordis,
736 1476 843 1516 finus
873 1486 1046 1530 vterque
1077 1489 1174 1518 cum
1209 1478 1423 1528 auriculis,

139 1551 264 1580 venae
299 1552 418 1582 cauae
452 1550 492 1581 et
527 1538 820 1595 pulmonales)
871 1541 1013 1582 eodem
1051 1552 1236 1596 tempore
1270 1544 1311 1584 in
1350 1545 1422 1595 sy-

139 1605 237 1647 stole
272 1614 311 1645 et
348 1606 508 1647 rursum
544 1607 585 1645 in
619 1604 781 1646 diastole
815 1608 930 1654 lunt,
963 1617 1109 1646 eorum
1144 1607 1263 1648 nullo
1296 1610 1420 1650 modo

138 1667 246 1722 poffe
282 1680 413 1710 vnum
450 1671 671 1724 quidquam
706 1671 910 1722 sanguinis
941 1671 1000 1711 sui
1034 1670 1238 1726 expellere
1277 1673 1317 1713 in
1351 1671 1419 1712 al·-

139 1741 292 1773 terum.
392 1733 506 1775 Nam
560 1737 716 1787 semper
769 1736 940 1788 quoduis
987 1747 1135 1777 eorum
1158 1767 1172 1787 ,
1225 1737 1420 1790 quamdiu

137 1796 179 1837 in
218 1796 360 1852 systole
393 1801 514 1848 sunt,
551 1801 720 1854 proprio
755 1801 824 1841 suo
858 1801 1045 1852 languine
1079 1800 1280 1854 plenum,
1314 1801 1422 1843 nihil

140 1873 193 1901 ex
227 1862 354 1904 altero
387 1865 563 1917 recipere
599 1865 763 1918 poterit,
798 1865 993 1920 quamdiu
1036 1865 1078 1905 in
1115 1865 1277 1908 diastole
1311 1869 1419 1920 sunt,

139 1925 283 1966 locum
336 1926 466 1968 adhuc
519 1941 694 1969 vacuum
749 1931 791 1972 in
845 1932 881 1972 se
924 1927 1110 1979 habebit,
1157 1931 1420 1984 alienumque

140 1991 278 2044 potius
311 1991 550 2041 sanguinem
583 1994 771 2046 recipiet,
801 2005 842 2036 et
880 1993 986 2035 nihil
1021 2007 1121 2044 ergo
1162 1995 1202 2035 in
1240 1993 1419 2034 alterum

141 2053 346 2108 expellere
383 2056 545 2106 poterit.
610 2057 798 2113 Quoduis
830 2071 929 2110 ergo
982 2070 1128 2099 eorum
1184 2058 1223 2097 in
1277 2059 1422 2109 systole

142 2118 250 2160 nihil
283 2119 331 2159 de
367 2118 499 2160 altero
532 2121 727 2176 recipere,
765 2126 805 2166 in
824 2122 985 2165 diastole
1023 2122 1126 2163 nihil
1165 2121 1207 2161 in
1242 2121 1421 2164 alterum

142 2182 354 2238 expellere
387 2185 552 2237 poterit.
637 2185 680 2227 Si
713 2200 754 2230 v.
790 2199 853 2242 gr.
885 2191 1041 2244 septum
1078 2186 1212 2227 cordis
1241 2189 1421 2243 perfora-

206 2247 754 2293 Tom.XX.N0u.Comm.
993 2250 1030 2294 E
1052 2262 1074 2291 e
1092 2262 1115 2292 e
1326 2262 1418 2293 tum
