2012 2724
349 1891 437 1928 Alius
464 1891 523 1924 du-

353 1944 421 1977 sius
452 1950 539 1976 :rte-

350 1994 424 2029 riofi
454 1993 542 2028 vsus.

549 164 644 222 406
841 163 926 207 DE
959 159 1279 210 FORAMmE
1313 159 1525 211 ovAch2

548 291 675 325 venae
706 288 830 321 cauae
871 274 1075 318 inferioris
1125 275 1311 330 sinistro,
1359 276 1515 336 omnis!
1539 275 1671 332 plane
1696 278 1819 325 huius

546 356 672 388 venae
703 341 858 396 sanguis
909 353 1007 382 cum
1048 342 1265 396 sanguinae
1316 343 1534 397 superioris
1570 344 1825 388 *coniunctus

551 410 655 454 finui
711 418 752 455 et
786 407 1024 452 ventriculo
1071 408 1221 449 dextro
1253 408 1371 449 datur
1403 423 1416 460 ;
1477 408 1666 450 obturato
1704 410 1828 453 simul

550 474 713 530 penitus
745 471 872 514 duCtu
907 472 1124 524 arterioso,⁴
1153 475 1312 526 integra
1347 485 1508 528 quoquc
1541 471 1635 515 haec
1669 475 1829 526 sangui-

548 540 609 581 nis
640 537 845 593 quantitas
877 535 1142 590 pulmonibus
1177 539 1365 580 traditur.
1462 538 1546 594 Qni
1583 541 1746 580 minimi
1781 542 1824 582 in

547 604 625 647 illo
656 603 881 654 embryone
913 612 993 642 non
1030 603 1155 645 modo
1187 603 1248 644 sed
1281 601 1396 644 solidi
1438 615 1600 657 quoque
1649 615 1690 645 et
1740 605 1828 645 mi-

547 669 640 710 nori
675 670 864 709 vasorum
899 666 1020 720 copia
1074 667 1247 721 praediti
1287 679 1385 708 cum
1437 667 1549 719 fint;
1597 668 1736 709 deinde
1785 677 1826 709 et

548 733 772 776 increscunt
810 731 1089 783 magnitudine
1124 731 1248 772 simul
1284 742 1321 772 et
1357 732 1529 772 rariores
1562 732 1689 782 fiunt,
1721 736 1825 773 dum

551 798 668 850 copia
720 797 908 837 vasorum
956 798 1000 838 in
1053 796 1103 836 iis
1145 806 1328 848 augetur.
1393 796 1460 837 Sic
1497 795 1707 848 pulmones
1742 810 1824 837 non

549 862 674 903 modo
720 861 762 902 in
813 863 920 901 foetu
973 861 1055 901 iam
1107 861 1303 914 paulatim
1352 859 1641 914 explicantur,
1690 868 1729 900 et
1779 862 1827 903 ad

549 927 729 968 futuram
761 924 1066 975 respirationem
1105 933 1393 977 praeparantur
1418 953 1429 973 ‚
1475 925 1538 965 led
1577 926 1828 966 ventriculus

555 1000 717 1042 quoque
750 996 790 1028 et
824 985 924 1026 smus
956 986 1094 1027 dexter
1129 986 1252 1027 simul
1287 988 1507 1029 dilatantur
1541 999 1581 1028 et
1614 991 1698 1040 apti
1742 992 1831 1030 red-

553 1054 743 1102 duntur,
775 1063 857 1104 quo
908 1061 1077 1090 omnem
1102 1078 1115 1099 ,
1160 1063 1185 1091 a
1236 1061 1326 1093 toto
1375 1063 1546 1104 corpore
1582 1053 1829 1100 redeuntem,

550 1117 785 1171 sanguinem
815 1126 963 1166 ⁴capere
999 1124 1040 1152 et
1077 1126 1149 1165 per
1191 1115 1411 1156 rariffimos
1467 1126 1562 1155 tunc
1617 1116 1828 1167 pulmones

551 1178 825 1236 respirationis
856 1188 936 1229 :ope
969 1177 1250 1219 transmittere
1297 1176 1453 1231 possint.
1520 1179 1588 1219 Ex
1620 1190 1829 1233 compara-

551 1247 659 1287 tione
689 1252 898 1284 caeterum
921 1269 933 1289 ‚
965 1252 1088 1293 quam
1121 1241 1241 1292 dixi,
1283 1240 1520 1293 embryonis
1548 1253 1647 1282 cum
1682 1244 1830 1284 infante

554 1311 628 1352 vix
663 1317 788 1359 nato,
825 1306 870 1346 de
904 1305 1026 1346 due'tu
1060 1306 1255 1347 arterioso
1288 1306 1381 1348 talia
1416 1304 1513 1346 vidi.
1579 1305 1832 1360 Quidutstus

554 1375 598 1415 in
631 1376 738 1415 foetu
776 1379 941 1411 maturo
963 1402 974 1423 ‚
1010 1370 1080 1410 vel
1112 1370 1262 1412 infante
1297 1382 1423 1421 nato,
1463 1371 1639 1411 dimidio
1690 1371 1831 1414 minor

553 1437 627 1481 ess‘e
664 1437 763 1479 iolet
795 1434 957 1475 lumine
991 1447 1112 1487 quam
1150 1445 1319 1476 truncus
1367 1434 1532 1477 arteriae
1569 1434 1833 1490 pulmonalis,

554 1514 594 1544 et
631 1504 759 1543 trium
797 1499 862 1539 vel
897 1509 1072 1552 quatuor
1108 1498 1302 1541 linearum
1344 1501 1522 1552 longus,
1573 1501 1606 1541 is
1648 1499 1833 1542 breuissi-

557 1579 651 1609 mus
687 1569 726 1608 in
762 1565 1000 1617 embryone,
1033 1565 1094 1606 sed
1128 1563 1202 1604 vix
1234 1566 1374 1606 minor
1409 1564 1585 1617 lumine,
1603 1577 1727 1619 quam
1748 1564 1831 1616 lpse

555 1633 686 1674 dietus
738 1640 909 1672 truncus
960 1628 1239 1683 pulmonalis3
1284 1639 1330 1670 vt
1363 1630 1471 1672 dicas
1511 1631 1678 1684 potius,
1713 1641 1832 1671 trun-

556 1709 652 1738 cum
691 1695 797 1736 hunc
833 1696 963 1749 ipsum
985 1724 997 1745 ,
1046 1695 1139 1735 dato
1170 1695 1325 1745 exiguo
1360 1695 1554 1748 vtrinque
1592 1694 1753 1736 ramulo
1783 1690 1832 1733 ad

560 1759 773 1816 pulmones
795 1789 806 1811 ,
840 1760 880 1799 in
916 1767 1071 1800 :tortam
1106 1758 1226 1799 abire.

711 1890 743 1937 ς.
781 1900 854 1937 44.
891 1886 1052 1929 Praeter
1086 1898 1208 1938 eum,
1240 1896 1363 1941 quem
1396 1885 1510 1937 dixi,
1543 1884 1666 1924 etiam
1703 1879 1833 1923 alium

566 1952 810 2007 peculiarem
847 1955 965 1993 vium
999 1951 1072 1993 effe
1107 1952 1250 1992 duetus
1283 1950 1461 1992 arteriost
1498 1950 1720 1997 existimo,
1754 1955 1839 1999 quo

566 2018 715 2061 scilicet
748 2029 845 2058 cum
882 2015 1044 2057 orificio
1086 2016 1242 2058 sinillro
1291 2028 1414 2058 venae
1467 2026 1586 2055 canae
1639 2009 1838 2052 inferioris

573 2094 612 2125 et
647 2095 690 2123 ea
724 2084 878 2123 ratione
912 2081 1128 2133 collineat,
1163 2092 1238 2129 vt,
1273 2080 1299 2122 st
1335 2080 1426 2137 quid
1462 2079 1501 2119 in
1536 2078 1734 2120 alterutro
1766 2086 1839 2115 eo-

570 2159 664 2189 rum
700 2147 890 2189 acciderit
931 2156 1087 2202 praeter
1141 2157 1362 2197 naturam,
1413 2145 1632 2199 quominus
1685 2137 1839 2206 languis

1790 2212 1831 2239 ln
