2012 2724
520 159 615 202 430
828 147 907 187 DE
944 143 1266 188 FoRAMxNE
1299 144 1499 190 OVALI.

547 261 610 315 -f.
645 258 834 311 Angulus
867 257 1047 310 superior
1089 265 1128 296 et
1185 256 1424 308 dexterior,
1477 259 1542 301 vbi
1594 259 1792 311 ligamen·

676 333 766 364 tum
803 320 1003 374 peculiare
1035 321 1120 372 est,
1172 333 1253 375 quo
1299 321 1466 364 valuula
1504 326 1654 379 parieti
1690 324 1792 365 smus

673 385 912 427 adnectitur.

577 464 619 507 g.
665 451 837 495 Limbus
886 449 1072 504 superior
1103 480 1116 500 ,
1171 461 1243 504 pet
1295 452 1576 493 membranam
1633 455 1795 505 parietis

675 514 761 557 tubi
795 518 859 564 (e.
885 511 945 568 k.)
982 514 1260 568 transparens,
1299 516 1367 554 cui
1413 518 1537 569 paries
1574 517 1798 568 valuulae‚

676 580 820 634 parieti
859 578 967 620 finus
1002 579 1250 628 incumbens,
1283 589 1324 619 et
1357 582 1472 620 cuius
1512 592 1600 633 pars
1634 590 1792 622 tanturn

673 645 851 685 anterior
885 641 948 696 (ο.
974 645 988 690 )
1025 643 1129 684 nuda
1159 653 1357 697 apparet,
1392 643 1546 684 insidet.

591 712 628 752 h.
665 708 742 749 Hic
776 709 1049 759 ligamentum
1086 706 1266 747 alterum
1297 707 1382 756 est,
1411 721 1493 760 quo
1529 707 1688 749 valuula
1726 722 1797 763 pa-

604 814 607 816 ,
675 771 771 817 rieti
825 770 934 815 finus
983 770 1221 813 adnectitur.
1309 771 1415 812 Tota
1468 771 1618 825 reliqua
1675 772 1797 814 huius

676 834 844 889 perfesti
895 834 980 875 tubi
1032 847 1122 887 pars
1171 833 1244 880 (h.
1264 847 1298 875 r.
1335 844 1374 875 et
1410 847 1443 877 r.
1463 836 1534 884 d.)
1586 835 1707 878 libera
1757 848 1797 878 et

678 899 834 939 sursum
856 924 867 945 ‚
900 899 1130 948 iterumque
1163 897 1349 937 deorsum
1371 926 1383 946 ,
1415 900 1577 940 mobilis
1617 899 1681 940 cst.

589 966 615 1009 i,
649 962 744 1015 Pars
769 971 867 1011 ‘orae
899 970 1109 1001 extremae
1143 960 1226 998 tubi
1263 960 1476 1004 valuulofi.

593 1029 631 1071 k.
666 1023 831 1068 Fibnlla
863 1024 910 1065 ab
941 1035 1011 1075 ora
1046 1020 1141 1076 (i.)
1178 1022 1304 1062 soluta
1330 1053 1340 1072 ,
1376 1025 1548 1067 mobilis

597 1091 622 1134 l,
656 1090 746 1130 Pars
778 1087 1020 1134 reticulata,
1054 1088 1093 1125 in
1129 1096 1269 1129 natura
1313 1086 1600 1137 pulcherrima.

594 1152 643 1197 m'.
677 1150 761 1193 Ora
798 1160 983 1198 extrema
1017 1148 1180 1202 parietis
1223 1147 1444 1199 valum-ne,
1498 1153 1640 1206 parieti
1694 1154 1802 1197 finus

579 1221 599 1265 sp
678 1206 960 1256 incumbentis'.

592 1296 623 1328 n
660 1282 862 1325 Foramen
897 1279 937 1320 in
974 1275 1052 1319 hoc
1105 1276 1291 1332 pariete,
1344 1278 1453 1332 quafi
1506 1291 1595 1337 pars
1645 1283 1802 1324 exscissa

684 1345 793 1387 effer.

594 1424 626 1452 o.
663 1406 909 1464 Supcrficies
944 1408 1104 1450 interna
1139 1406 1351 1464 parietis,
1370 1408 1476 1453 finui
1511 1411 1805 1468 incumbentiS‚

683 1473 872 1516 valuulae
907 1473 1126 1532 tubulosae.

590 1547 636 1597 p,
671 1537 837 1582 Fibrilla
860 1567 872 1587 ,
905 1530 1054 1579 ab'o'ra
1088 1533 1211 1590 (m.)
1246 1538 1385 1581 soluta.

598 1614 632 1659 q,
651 1615 698 1646 m.
714 1601 757 1645 'r.
775 1615 809 1646 s.
825 1600 864 1645 k.
883 1600 909 1644 i.
928 1614 962 1655 q.
997 1599 1083 1644 Ora
1117 1609 1300 1644 extrema
1335 1603 1537 1648 valuulae.

558 2170 589 2215 J.
1151 2180 1170 2189 -»
1217 2191 1220 2196 .
1422 2125 1425 2128 ’
1565 2124 1817 2200 ἱΥςΗΝι-
