2012 2724
565 228 658 277 382
845 217 928 260 DE
972 211 1296 259 FORAMlNE
1330 214 1549 260 OVALI„

569 333 790 388 reprimere
811 362 823 383 ‚
872 330 914 371 in
947 328 1074 384 specie
1107 329 1336 384 marginem
1369 328 1662 371 eius'liberum
1694 329 1832 373 vei-sue

561 400 729 440 fundum
772 405 952 446 vrgere,
992 397 1163 448 adeoque
1213 405 1254 436 et
1297 396 1585 442 imminuere,
1615 391 1852 434 deffluere-2

559 473 665 515 que,
699 469 739 499 et
772 458 956 510 figuram·
987 459 1070 498 eius
1101 460 1317 513 antiquam
1350 458 1569 510 oblongam
1616 458 1664 498 in.
1706 456 1848 498 semi-⁴

558 524 748 565 lunarem
784 522 985 576 paulatim
1022 532 1214 574 mutare,
1250 523 1405 576 incipit.
1471 523 1586 563 Vnde
1633 531 1735 572 ergo
1766 520 1834 562 in.-

559 586 755 639 telligis‚
803 596 844 626 et
894 584 965 639 qui
1019 585 1234 626 valuularn
1287 586 1392 625 finus
1444 584 1593 625 sinistri·
1643 582 1829 625 valuulae

564 643 864 696 EVSTACHII
898 650 1147 690 contrariam
1181 648 1256 690 effe
1287 649 1461 689 dixerim
1489 676 1501 697 ,
1548 658 1588 689 et
1631 659 1704 688 cur
1739 657 1839 687 me-

564 716 650 756 rito
682 725 844 767 tempus
880 717 1059 754 summae
1096 712 1346 766 perstitionis
1396 711 1590 752 valuulae
1638 704 1838 756 EVSTA-

565 786 681 822 CHII
717 779 757 818 in
795 779 960 817 tertium
999 776 1236 827 embryonis
1272 777 1450 816 mensem
1488 775 1728 826 abiolutum,
1757 786 1846 827 qum

565 853 715 894 nempe
751 841 918 880 valuula
953 838 1060 878 finus
1092 839 1238 881 finistri
1271 851 1322 881 ex
1364 840 1437 880 suo
1483 837 1644 880 orificio
1695 837 1836 880 enasci·

563 912 666 954 tur,
700 904 801 957 poni
843 904 991 944 debeat.

353 998 477 1036 Venae
503 1011 554 1034 ca·
713 997 748 1046 §.
787 1008 856 1036 22.
895 994 1135 1035 Vitulinum
1166 1007 1236 1036 cor
1269 995 1478 1036 consulere
1502 997 1632 1039 adhuc
1657 996 1840 1052 superest.

352 1050 523 1108 V‚³⁸‚³¹¹f‘?·
569 1053 617 1100 In
652 1072 694 1101 re
730 1060 810 1110 ipsa
840 1057 918 1101 hoc
955 1069 1050 1097 cum
1090 1059 1270 1099 humano
1296 1061 1454 1111 prorsus
1481 1063 1685 1101 conuenit.
1725 1061 1840 1100 Vena

353 1108 665 1184 fsffljd'ssu‘c'aua
702 1122 880 1172 inferior,
903 1120 1040 1160 multo
1077 1121 1142 1161 hic
1180 1123 1364 1171 longior,
1397 1135 1708 1176 praeparatuquc
1746 1122 1838 1161 inde

354 1200 510 1246 seriptio„
571 1196 614 1226 et
645 1184 862 1240 exploratu
897 1182 1085 1239 facilior,
1115 1182 1303 1223 similiter
1335 1185 1512 1236 respedu
1549 1185 1711 1227 sinuum
1743 1184 1842 1223 adeo

574 1248 700 1303 posita
735 1248 790 1289 est
810 1277 823 1299 ‚
854 1250 870 1296 .(
891 1246 973 1288 vid.
1010 1244 1081 1296 fig.
1112 1247 1193 1296 6.)
1229 1254 1276 1285 vt
1310 1255 1475 1287 externe
1508 1248 1672 1300 vtrique
1704 1255 1844 1299 aeque,

353 1291 558 1335 Tab·Vm'
575 1311 639 1354 vel
662 1342 675 1362 ‚
708 1320 754 1351 vt
791 1311 831 1350 in
863 1310 954 1351 aliis
987 1310 1103 1359 vidi,
1151 1319 1194 1350 et
1230 1319 1338 1349 nunc
1367 1322 1511 1351 coram
1561 1309 1719 1362 habeo,
1770 1309 1845 1351 soli

567 1375 724 1418 sinistro
771 1372 874 1414 sinui
926 1373 1190 1427 respondeat,
1236 1385 1259 1413 a
1289 1373 1515 1426 dextroque
1561 1374 1733 1415 omnino
1784 1385 1845 1413 re·

572 1449 686 1479 mota
718 1436 799 1485 sit,
843 1438 995 1476 interne
1047 1448 1145 1477 vero
1193 1447 1376 1486 arcum,
1422 1436 1504 1477 siue
1554 1437 1691 1478 imum
1745 1437 1850 1489 septi*

575 1502 839 1553 marginem,
871 1502 1058 1549 offendat,
1089 1511 1172 1552 quo
1204 1497 1346 1540 lumen
1379 1513 1504 1542 venae
1536 1513 1656 1542 cauae
1688 1501 1729 1541 in
1763 1501 1845 1541 duo

571 1565 732 1607 orificia
765 1564 989 1612 diffidatur,
1021 1574 1197 1616 quorum
1232 1562 1367 1604 altero
1402 1565 1445 1605 in
1476 1566 1693 1616 dextrum,
1721 1563 1849 1604 altero

576 1628 618 1670 in
653 1628 853 1669 sinistrum
874 1626 1009 1668 sinum
1044 1626 1250 1666 inseratur.
1298 1628 1356 1668 Vt
1388 1628 1568 1669 foramen
1597 1639 1698 1679 ergo
1729 1625 1849 1667 Quale

578 1690 646 1732 hic
681 1703 763 1732 non
794 1692 921 1742 magis
948 1702 1067 1742 quam
1104 1690 1143 1729 in
1178 1688 1345 1730 homine
1377 1691 1601 1744 quidquam
1637 1690 1746 1731 aliud
1781 1689 1849 1741 sit,

574 1766 698 1808 quam
730 1753 940 1795 orificium
978 1752 1177 1793 sinistrum
1215 1764 1337 1792 venae
1367 1764 1489 1793 cauae
1522 1755 1738 1800 inferioris,
1769 1764 1849 1803 quo

578 1818 620 1858 in
656 1817 786 1857 smum
828 1817 1029 1856 sinistrum
1063 1816 1276 1868 aperitur,
1300 1825 1342 1855 et
1375 1817 1483 1869 quod
1518 1815 1644 1856 simili
1681 1814 1848 1856 valuuia

576 1880 760 1923 tubulosa
792 1890 982 1921 ornatum
1019 1877 1079 1918 sit.

371 1971 556 2031 Diuerfita-
729 1974 765 2022 §.
803 1986 873 2024 23.
926 1972 1187 2014 Diuetsitates
1237 1972 1511 2013 nihilominus
1544 1971 1718 2015 maximi
1757 1985 1850 2015 mo-

372 2032 543 2106 t'es‘integ
582 2040 709 2081 menti
748 2040 870 2090 sunt,
900 2048 1022 2090 atque
1059 2039 1096 2076 in
1134 2037 1192 2075 iiis
1224 2037 1455 2078 confistunt.
1503 2033 1728 2078 Orificium
1751 2038 1850 2078 dex-

372 2085 560 2158 ‘eltmiffi'u-
584 2112 699 2143 trum
733 2103 955 2154 oblongum
993 2102 1158 2152 quidem
1194 2110 1233 2140 et
1269 2099 1530 2141 transuersim
1570 2101 1773 2154 positum,
1806 2109 1847 2141 at

377 2186 455 2208 nam
482 2184 535 2205 ve-
583 2177 665 2207 non
697 2165 846 2216 ouale,
876 2167 938 2209 scd
968 2164 1211 2218 angulatum
1246 2166 1328 2218 esi,
1355 2174 1405 2211 et.
1426 2163 1602 2218 figuram
1638 2164 1850 2219 exprimit,

377 2235 466 2258 nam.
1730 2235 1847 2278 apet-
