2012 2724
583 213 673 255 592
779 189 1155 241 'OBSERVATIO
1190 189 1437 239 ECLIPSIS
1468 191 1639 239 SOLIS.

572 328 648 373 pro
679 311 924 355 Eleuatione
958 309 1077 359 Poli,
1109 320 1234 364 quam
1271 307 1369 351 huic
1404 306 1494 352 loco
1526 311 1567 351 in
1622 321 1716 353 meo
1761 307 1846 352 cal-

574 379 670 422 culo
703 378 823 419 tribui
858 366 949 418 60⁰.
972 377 1006 424 51
1024 390 1036 427 ς
1071 387 1171 430 quae
1213 374 1241 415 si
1296 376 1421 414 fortan
1483 372 1519 423 5¹
1552 374 1729 416 diminui
1781 373 1847 417 vel

573 444 711 495 augeri
745 442 910 490 debeat,
943 439 1178 492 Longitudo
1213 438 1317 480 istius
1353 439 1453 486 loci,
1485 439 1640 479 duobus
1673 441 1847 493 scrupu-

572 509 622 550 lis
656 508 832 548 secundis
865 506 1040 557 augeri,
1076 505 1146 546 vel
1182 505 1316 544 minui
1351 504 1473 544 debet.
1540 504 1711 545 Etiamsi
1748 515 1847 545 vero

572 574 614 613 iti
652 572 715 613 his
751 572 892 612 nostris
924 568 1329 610 determinationibus
1363 567 1662 609 correffionum
1690 565 1775 609 Set
1799 580 1848 618 π,

574 637 732 678 nullam
770 636 886 690 plane
922 634 1139 675 habuimus
1184 634 1412 683 rationein,
1463 633 1569 673 facili
1608 643 1741 674 tamen
1778 644 1847 673 ne-

575 703 692 754 gotio
724 710 829 754 patet
852 730 863 750 ,
896 711 958 740 eas
991 698 1063 739 hac
1100 699 1141 739 in
1175 697 1443 750 disquisitione
1480 695 1587 738 nihil
1607 699 1845 748 immutare,

574 765 773 818 siquidem
809 764 1076 806 coefficientes
1099 795 1110 814 ,
1164 763 1306 817 quibus
1337 761 1410 802 liae
1444 762 1712 803 correstiones
1744 760 1848 803 adfi-

571 832 738 872 ciuntur
761 860 772 879 ,
806 830 846 869 in
880 829 1186 883 expressionibus
1221 839 1297 879 pro
1333 836 1516 878 tempore
1549 826 1849 868 coniunctionis

577 905 662 935 tarn
699 906 824 946 prope
859 894 964 932 intei-
999 895 1032 931 se
1063 893 1348 939 consentiunt,
1391 899 1435 930 vt
1467 902 1518 930 ex
1551 890 1713 944 seposita
1746 902 1848 930 con-

577 957 818 998 sideratione
853 955 1013 995 istarum
1066 954 1401 1002 correctionum,
1457 956 1528 993 vix
1574 967 1618 994 ac
1673 966 1720 994 ne
1771 956 1846 994 vix

573 1021 740 1075 quidem
778 1010 1023 1058 incertitudo
1059 1018 1178 1056 vnius
1223 1016 1394 1069 scrupuli
1438 1019 1592 1057 secundi
1636 1018 1675 1056 in
1711 1017 1845 1056 deter-

576 1085 848 1126 minationem
883 1082 1127 1121 differentiae
1166 1080 1479 1119 meridianorum
1515 1080 1682 1120 deriuari
1712 1090 1844 1131 queat.

580 1150 645 1190 Sic
703 1158 753 1186 ex
811 1143 1112 1196 comparatione
1171 1141 1458 1182 obieruationis
1513 1142 1752 1193 Vpsaliensis
1803 1154 1844 1184 et

576 1208 889 1253 Warsowienfis
926 1206 1136 1248 deducitur
1173 1204 1392 1245 differentia
1428 1204 1783 1245 meridianorumz

738 1272 807 1322 13⁴-
834 1268 913 1321 27¹¹
936 1295 975 1300 -
996 1284 1038 1320 0,
1060 1285 1114 1312 20
1134 1265 1161 1309 ὃ
1184 1274 1242 1312 -ἱ-
1265 1281 1310 1318 ο,
1329 1281 1400 1317 49·
1421 1282 1444 1316 ν

574 1341 641 1383 vbi
677 1339 839 1393 quidem
881 1336 1079 1377 correctio
1124 1330 1150 1372 δ
1203 1344 1310 1373 certe
1365 1333 1499 1372 maior
1550 1331 1622 1372 effe
1679 1329 1849 1385 nequit,

574 1418 695 1460 quain
740 1399 787 1452 511
811 1430 821 1450 ,
854 1402 905 1441 itti
962 1411 1004 1440 vt
1062 1399 1301 1440 incertitudo
1358 1399 1539 1437 maxima
1590 1408 1687 1449 quae
1739 1398 1846 1436 circa

576 1471 841 1512 diffrentiain
883 1465 1197 1505 meridianorum
1231 1474 1280 1502 ex
1319 1461 1387 1500 liic
1426 1461 1678 1502 correctione
1719 1459 1846 1501 teiul-

575 1544 632 1577 tat
671 1534 881 1574 minutum
917 1529 1128 1570 secundum
1168 1539 1246 1567 non
1287 1526 1456 1582 superet.

1631 2215 1834 2257 OBSER-
