2012 2724
524 220 619 268 484-
807 203 1009 253 CHAVS
1030 236 1042 259 ,
1076 203 1329 249 AN1MAL-
1355 203 1489 248 FELI

509 329 623 372 icone
654 325 755 367 bona
793 320 1138 376 repraesentatum
1160 347 1173 370 ,
1206 332 1278 362 nec
1315 331 1396 360 non
1431 330 1450 358 a
1488 308 1789 362 D.PARSONS

510 394 552 434 in
589 385 791 432 Transac‘t'.
825 383 1032 442 Philosoph.
1071 385 1122 426 T.
1159 385 1225 426 Ll.
1265 398 1304 439 p.
1342 387 1449 434 648.
1484 392 1601 435 atque
1635 394 1655 422 a
1705 379 1790 423 Cel.

510 449 770 500 PENNANT
824 452 866 492 in
917 448 1094 503 Synopfi
1147 448 1458 502 quadrupedum
1510 447 1605 499 (sp.
1649 448 1793 497 137-)

511 519 760 561 illustratum
797 517 863 558 est.
930 515 1104 557 Addidit
1138 525 1269 569 nuper
1302 510 1514 563 Zoologus
1564 509 1632 552 hic
1684 521 1784 551 acu·

511 578 836 635 tissimus‚(vid.
875 582 929 635 sp.
956 583 1059 628 136.
1098 580 1139 621 in
1173 576 1325 632 Synopf.
1361 573 1660 636 ongtadrup.)
1696 574 1791 615 ani·

512 647 599 688 mal
634 647 916 688 americanum
956 643 1088 696 Lynci
1125 643 1364 699 proximum
1388 671 1400 693 ‚
1432 640 1538 694 quod
1575 639 1639 681 illi
1683 638 1790 681 Felis

510 712 611 755 ruffa
646 710 757 764 (bay
792 711 897 759 cat)
938 709 1105 751 dicitur.
1193 709 1405 750 Addamus
1459 716 1563 744 nunc
1611 703 1789 745 alterum

513 775 669 818 animal
712 772 925 816 asiaticum
961 771 1143 816 Caracali
1173 774 1272 814 adeo
1307 777 1526 822 cognatum
1551 797 1563 818 ,
1603 779 1646 810 ac
1681 766 1791 810 Felis

516 841 617 883 ruffa
653 838 787 891 Lynci
807 867 820 890 ,
853 838 963 891 quod
996 849 1016 878 a
1053 837 1164 879 nobis
1195 835 1333 879 Chaus
1367 831 1608 888 appellatur.

667 932 1062 976 Denominationem
1100 931 1204 972 hanc
1238 943 1258 971 a
1290 929 1453 970 nemine
1481 929 1785 972 neotericorum

522 996 743 1042 triuialiter
780 1006 1016 1048 receptam,
1057 996 1104 1035 de
1158 1005 1235 1047 qua
1289 992 1394 1032 haud
1444 1002 1553 1032 ccrto
1603 993 1789 1042 constat,

516 1075 565 1104 an
599 1074 669 1115 per
702 1060 817 1102 illam
852 1059 1039 1108 Lyncem
1063 1088 1074 1108 ,
1132 1071 1183 1097 an
1219 1055 1328 1096 aliud
1361 1053 1579 1105 analogum
1631 1054 1785 1096 animal

518 1124 756 1168 indicauerit
791 1115 1003 1165 PLINIVS
1023 1149 1036 1169 ‚
1067 1119 1235 1159 animali
1269 1118 1364 1159 huic
1399 1117 1600 1168 hucusque
1622 1116 1786 1170 Physio-

516 1187 643 1244 philis
678 1187 750 1227 vix
783 1185 949 1235 cognito
983 1182 1193 1237 propriam
1228 1181 1392 1221 reddere
1444 1180 1784 1222 consultissimum

518 1252 714 1293 duximus
737 1277 753 1300 ,
784 1245 992 1290 deficiente
1027 1246 1194 1287 nomine
1226 1243 1446 1285 vernaculo
1479 1243 1536 1284 fin:-
1580 1243 1785 1288 distincto.

512 1314 649 1358 Ruffis
677 1314 824 1364 enlm,
859 1311 1009 1366 pariter
1043 1322 1085 1352 ac
1131 1308 1290 1352 Tataris
1338 1318 1381 1350 et
1431 1306 1686 1350 Tschircass‘is
1737 1307 1786 1352 ad

519 1381 644 1420 maris
676 1377 801 1430 caspii
835 1375 1007 1427 littora,
1052 1387 1154 1429 quae
1205 1371 1395 1416 animalis
1446 1370 1570 1413 huius
1620 1371 1746 1426 patria
1769 1402 1784 1425 ,

514 1441 814 1494 habitantibus,
847 1440 950 1481 illud
984 1440 1027 1480 in
1063 1438 1215 1491 linguis
1249 1449 1392 1480 eorum
1429 1435 1536 1478 haud
1571 1435 1682 1478 aliud
1703 1449 1785 1478 no·

521 1521 617 1550 men
643 1538 655 1559 ‚
690 1518 814 1562 quam
850 1503 923 1545 feri
959 1504 1025 1544 seu
1080 1503 1280 1554 {yluestris
1316 1501 1407 1544 Cati
1456 1501 1646 1543 sortitum
1698 1501 1786 1555 est;

521 1572 654 1613 Ruffis
688 1570 926 1611 nimirum:
957 1562 1086 1621 dikaja
1121 1564 1331 1617 Koschka;
1362 1565 1557 1606 Tataris:
1593 1563 1658 1606 kir
1680 1565 1783 1617 My-

516 1634 661 1687 schak;
697 1631 955 1675 Tschicaffis:
994 1641 1104 1673 moes
1135 1628 1251 1672 Gedu
1288 1630 1454 1681 dicitur,
1486 1640 1602 1683 atque
1635 1627 1782 1671 abillis

517 1712 614 1741 cum
650 1710 753 1740 veto
786 1696 891 1740 Cato
923 1697 1038 1745 fero,
1069 1708 1091 1737 a
1125 1705 1208 1748 quo
1239 1693 1328 1736 Cati
1381 1694 1590 1736 domestici
1644 1702 1784 1734 ortum

517 1766 760 1811 duxerunt,
811 1761 853 1800 iu
913 1758 1139 1811 regionibus
1184 1758 1287 1799 mari
1339 1759 1471 1812 caspio
1517 1757 1783 1798 conterminis

518 1828 643 1871 etiam
679 1825 899 1878 indigene,
929 1824 1149 1875 eodemque
1184 1821 1349 1863 nomine
1380 1824 1574 1872 salutato,
1601 1819 1782 1874 plerum-

519 1903 599 1949 que
633 1887 902 1931 confunditur.
968 1886 1142 1941 Reliqua
1173 1897 1393 1938 congenera
1427 1885 1641 1936 animalia,
1659 1885 1786 1939 Lynx

1635 1950 1784 1991 scilicet

627 2043 786 2089 grinatori
816 2040 916 2075 sidens
946 2040 1086 2082 volunt,
1114 2042 1294 2087 significat,-
1323 2040 1378 2075 sed
1404 2038 1589 2086 simpliciter
1624 2036 1784 2082 nigrauri-

626 2101 724 2133 tum,
751 2092 805 2127 seu
836 2091 1038 2126 melanotum
1075 2092 1204 2126 indicat.
1271 2088 1357 2125 Nam
1385 2092 1520 2124 tatarice
1561 2087 1614 2123 seu
1659 2087 1782 2120 turcice

625 2139 737 2176 Kara:
769 2145 884 2188 niger,
914 2153 949 2175 et
977 2141 1130 2177 Kulach:
1172 2144 1279 2182 auris5
1319 2154 1353 2176 et
1392 2143 1509 2189 perfice
1549 2136 1624 2172 Sia:
1666 2139 1782 2182 niger,

627 2202 662 2225 et
689 2188 824 2227 Gusshx
852 2195 957 2234 auris,
989 2203 1025 2228 vt
1053 2193 1115 2227 iam
1142 2191 1188 2227 sat
1214 2194 1298 2227 redte
1327 2196 1571 2226 CHARLETON
1612 2188 1642 2220 in
1677 2184 1782 2220 Excr-

623 2242 801 2277 citationibus
829 2244 863 2276 de
893 2243 1055 2285 dffireneiis
1084 2251 1111 2279 ct
1139 2244 1291 2279 nominibus
1322 2243 1492 2278 animalium
1524 2239 1705 2276 aiinotauit.
