2012 2724
591 189 707 245 »tate
743 187 764 245 <
798 199 824 232 0
858 184 874 248 i
904 187 1022 244 ete<-
1379 204 1438 248 29

752 300 829 360 11.

159 423 325 484 Noua
369 413 679 476 methodus
724 426 953 475 motum
1007 435 1315 497 corporum
1360 421 1428 479 ri-

415 499 684 584 gidorum
735 501 1177 561 determinandi.

279 619 541 682 Auctore
589 620 658 679 L.
716 619 930 679 Eulero
983 640 1115 702 pag.
1172 619 1304 682 208.

149 738 410 856 Cohaeret
451 748 663 801 praesentis
695 746 976 787 differtationis
1006 760 1302 798 argumentum
1332 762 1430 792 cum

276 826 354 864 eo,
405 813 512 865 quod
566 811 607 851 in
664 811 792 864 priori
852 810 1163 864 peruastauerat
1219 813 1303 855 Vir
1360 814 1428 856 ΙΙΙ.

150 886 314 930 totaque
351 878 436 919 eius
479 876 731 928 inuelligatio
781 875 1112 918 demonstrationi
1167 875 1434 919 theorematis

148 941 190 983 in
226 940 307 983 fine
345 942 491 984 annexi
536 950 695 994 accepta
749 941 804 983 est
854 940 1070 982 referenda.
1154 940 1201 983 In
1254 940 1436 984 Theoria

146 1005 316 1060 quidem
354 1018 548 1048 motuum
586 1017 812 1059 corporum
849 1004 1078 1056 rigidorum
1101 1001 1239 1047 Celeb.
1274 1005 1433 1049 Annon

146 1071 288 1112 omnia
324 1071 404 1113 huc
442 1070 682 1125 pertinentia
719 1068 947 1112 feliciffimo
980 1070 1146 1111 successu
1201 1070 1432 1124 pertracta-

145 1145 286 1186 verat3
324 1138 490 1177 interim
529 1146 665 1176 tamen
703 1135 924 1176 solutiones
976 1135 1028 1176 ibi
1093 1135 1256 1176 traditas
1312 1135 1435 1181 nimis

146 1198 349 1241 intricatas
381 1212 421 1241 et
454 1199 745 1254 applicationes
783 1197 1074 1240 molestiffimas
1129 1198 1202 1240 effe
1255 1199 1431 1251 ingenue

146 1263 306 1306 fatetur.
374 1264 662 1306 Determinato
693 1264 805 1305 enim
861 1273 978 1304 motu
1013 1263 1144 1305 centri
1183 1264 1396 1314 grauitatis
1419 1293 1431 1315 ‚

147 1327 194 1368 ad
227 1328 398 1381 quoduis
434 1338 593 1381 tempus
625 1337 712 1368 tam
766 1326 1011 1381 positionem
1062 1328 1148 1367 axis
1201 1327 1430 1378 gyrationis

149 1399 189 1428 et
222 1395 365 1433 axium
404 1391 694 1446 principalium
728 1405 853 1446 quam
883 1392 1130 1434 celeritatzm
1163 1391 1432 1434 determinari

152 1456 396 1504 oportebat;
429 1456 475 1496 ad
528 1457 634 1508 quod
686 1456 938 1498 introductio
1000 1456 1187 1510 plurium
1223 1459 1429 1509 quantita-

155 1526 246 1557 tum
286 1517 540 1558 variabilium
577 1517 859 1570 postulabatur.
942 1519 1048 1558 Haec
1090 1528 1226 1557 autem
1264 1520 1432 1559 incom-

153 1581 271 1623 moda
307 1581 513 1620 enitantur
538 1609 550 1628 ‚
583 1579 612 1618 li
652 1579 814 1630 insignis
851 1580 919 1619 illa
957 1583 1181 1632 proprietas
1214 1582 1304 1619 axis
1349 1593 1431 1633 gy-

150 1643 318 1685 rationis
378 1643 419 1683 in
474 1652 665 1698 Vtroque·
705 1643 803 1684 statu
855 1643 1050 1683 inuatiati
1106 1644 1148 1682 in
1212 1644 1432 1688 subsidium

149 1717 354 1758 vocatur3
387 1718 468 1759 quo
501 1707 605 1748 facto
635 1708 787 1759 omnia,
821 1719 919 1760 quae
952 1708 1000 1748 ad
1033 1708 1427 1751 determinationem

149 1782 287 1814 motus
322 1771 555 1813 huiusmodi
591 1782 813 1825 corporum
851 1773 1071 1825 pertinent,
1092 1771 1171 1812 fine
1209 1783 1270 1814 tot
1305 1785 1430 1828 quan·

149 1836 335 1877 titatibus
367 1833 626 1878 variabilibus
660 1834 762 1876 facili
798 1836 965 1888 negotio
1005 1835 1280 1879 absoluantur.
1336 1839 1424 1880 De-

151 1901 377 1941 terminato
424 1901 538 1942 enim
598 1910 714 1941 motu
767 1901 899 1942 centri
958 1901 1172 1953 grauitatis
1223 1901 1264 1942 in
1326 1903 1430 1944 statu

150 1962 331 2014 initiali,
381 1962 451 2005 ille
485 1966 692 2018 quaeritur
725 1967 843 2016 axis,
896 1966 964 2018 qui
1002 1966 1041 2004 in
1093 1965 1194 2006 statu
1231 1967 1426 2009 translato

150 2027 317 2068 eandem
355 2025 469 2068 habet
499 2030 783 2081 directionem
818 2038 907 2070 tum
941 2040 1042 2070 vero
1074 2028 1241 2069 definito
1259 2030 1427 2082 angulo,

153 2102 238 2145 quo
288 2102 435 2142 corpus
489 2093 594 2134 circa
642 2093 749 2135 hunc
797 2105 916 2133 axem
971 2094 1095 2134 suerit
1145 2097 1427 2145 conuersum,

152 2155 200 2197 nd
232 2156 405 2212 quoduis
437 2164 596 2212 tempus
626 2156 721 2200 situs
758 2159 942 2211 corporis
975 2167 1157 2200 accurate
1199 2159 1425 2204 innotescit.

769 2223 794 2263 d
827 2234 852 2272 3
1285 2222 1428 2266 Confi·
