2012 2724
605 171 723 223 »ssssss
753 172 772 221 (
801 184 829 215 0
862 171 881 221 )
910 170 1027 223 &It-³3⁴·
1365 183 1452 229 341

239 276 801 331 OBSERVATIONES
835 236 1393 333 ASTRONOMICAS*

488 360 598 404 PRO
631 361 1146 405 DETEssMlNANDO

170 431 452 505 SITV
531 432 1451 513 GEOGRAPHICO

203 542 532 588 VARIORVM
584 541 694 584 PER
747 542 1062 587 IMPERIVM
1118 545 1417 590 RVSSICVM

651 604 975 660 LOCORVM,

335 694 357 723 a
380 680 490 723 Nob.
518 681 982 726 CHRISTOPHORO
1009 684 1234 729 EVLERO
1257 718 1271 740 ‚

297 760 486 807 ANNIS
549 768 666 815 1769
719 764 798 805 ET
861 775 983 815 1770
1053 765 1283 811 FACTAS
1303 796 1316 818 ,

668 853 941 893 RECENSET

410 917 813 960 AND.1off
882 918 1213 976 pEXELL

277 1040 491 1083 stronomis
513 1070 526 1092 ,
557 1039 629 1093 qui
662 1040 710 1081 ad
745 1039 1039 1081 obseruandum
1092 1039 1309 1082 transitum
1364 1041 1450 1084 Ve-

310 1106 415 1148 neris
451 1117 522 1159 per
556 1102 694 1144 Solem
719 1128 730 1149 ‚
767 1103 807 1141 in
844 1103 1031 1156 Imperio
1065 1102 1260 1156 Ruffico,
1311 1108 1450 1146 versus

165 1170 367 1209 Austrum
402 1178 443 1208 et
475 1166 694 1206 Orientem
729 1164 900 1217 ablegati
942 1167 1105 1206 fuerunt
1127 1196 1140 1218 ,
1196 1168 1235 1208 id
1287 1181 1449 1224 quoque

167 1231 215 1271 ab
249 1228 516 1272 Illustriffima
551 1226 779 1286 Academia
821 1229 1099 1271 Scientiarum
1155 1232 1448 1274 demandatum

162 1302 252 1336 erat
275 1326 286 1345 ‚
339 1302 387 1335 vt
422 1292 760 1336 obseruationibus
795 1292 1128 1342 Aaronomicis,
1166 1296 1289 1337 situm
1333 1296 1446 1339 Geo-

162 1359 407 1413 graphicum
449 1359 662 1400 variorum
707 1369 780 1412 pet
834 1370 1028 1409 magnum
1078 1357 1156 1399 hoc
1206 1360 1443 1414 Imperium

164 1424 386 1478 locorum,
436 1432 521 1464 tam
572 1423 700 1476 quoad
739 1421 1068 1474 Longitudinem
1102 1435 1225 1476 quam
1275 1425 1446 1468 Latitu-

161 1488 333 1535 dinem,
375 1487 723 1536 determinarent,
764 1487 991 1528 cuiusmodi
1043 1487 1368 1529 obseruationum
1420 1504 1443 1532 a

162 1551 250 1594 Cel.
287 1552 431 1606 Kraffc
461 1563 579 1605 atque
613 1550 721 1593 clar.
757 1549 994 1605 Inochoafiw
1027 1561 1068 1592 et
1109 1551 1274 1607 Islenief
1317 1554 1443 1595 faeta-

165 1628 259 1657 rum
283 1645 295 1666 ,
328 1617 440 1658 varia
476 1618 516 1657 in
551 1614 612 1655 his
643 1612 966 1657 Commentariis
1000 1616 1080 1656 iam
1115 1617 1268 1659 exstant
1319 1620 1441 1671 speci-

166 1682 290 1724 mina.
375 1682 457 1722 Hac
489 1681 614 1732 igitur
646 1678 848 1721 occasione
869 1712 881 1733 ‚
912 1682 1077 1722 breuem
1111 1690 1151 1721 et
1195 1681 1442 1726 succinctam

162 1744 459 1797 expositionem
501 1745 857 1796 obseruationum,
906 1746 1049 1799 quibus
1104 1744 1212 1786 Nob.
1268 1745 1443 1796 Christo-

159 1807 301 1864 phorus
337 1808 496 1853 Eulerus
531 1810 571 1849 in
607 1809 902 1862 Longitudiues
932 1821 972 1852 et
1008 1809 1261 1851 Latitudines
1308 1811 1439 1863 pluri-

167 1885 336 1914 morum
374 1874 566 1915 locorum
604 1874 812 1927 inquifiuit
835 1904 847 1925 ‚
901 1874 991 1916 heic
1023 1875 1178 1915 erimus
1213 1875 1438 1926 tradituri,

166 1949 288 1991 quam
326 1949 491 1990 operam
548 1938 806 1980 Aaronomis
857 1952 908 1980 eo
958 1938 1087 1990 magis
1141 1948 1298 1990 gratam
1352 1939 1438 1979 fore

165 2001 439 2051 confidimus,
474 2012 556 2056 quo
591 2002 732 2044 Vtilius
766 2003 846 2050 sit,
898 2004 1072 2045 rationes
1111 2001 1256 2054 quibus
1290 2000 1441 2043 huius-

167 2067 280 2108 modi
316 2067 667 2107 determinationes
700 2067 935 2108 innituntur
961 2098 973 2119 ‚
1021 2065 1241 2120 perspectas
1283 2065 1436 2111 habere,

164 2129 410 2186 Antequam
447 2142 544 2172 vero
581 2129 660 2174 hoc
695 2133 928 2174 institutum
954 2130 1277 2186 adgredior,ere
1298 2131 1370 2182 est,
1388 2142 1435 2174 vt

719 2195 760 2238 Y
786 2209 812 2249 y
832 2208 860 2248 y
897 2207 922 2246 a
1348 2196 1444 2238 ani—
