2012 2724
412 141 478 186 IN
514 138 782 186 CORPORA
815 138 1122 184 SVBIECTA.
1163 148 1167 155 ⁷
1346 154 1439 194 323¹

160 256 371 310 imprimis
407 257 536 298 notari
587 266 800 304 meretur,
833 267 1092 309 quaecunque
1128 255 1250 297 fuerit
1303 256 1435 309 figura

159 322 338 374 cylindri
378 321 456 360 {ine
492 334 616 361 curua
669 323 707 362 Α
732 320 772 360 Y
795 319 862 370 Β,
908 323 995 360 cius
1026 322 1107 361 duo
1144 330 1304 361 tantum
1359 321 1442 362 ele-

160 397 298 426 menta
339 386 379 425 in
416 386 570 427 calculo
601 384 676 425 effe
709 383 846 424 religia
873 414 884 433 ,
927 384 1074 425 scilicet
1110 388 1269 425 radium
1304 387 1433 428 osculi

159 464 308 493 curn-ae
353 452 391 490 in
428 450 464 491 Y
501 449 568 502 qui
600 449 653 488 est
692 461 714 489 r
748 459 787 489 et
825 447 1284 501 amplitudinem-arcus
1337 452 1438 503 ΑΥ

159 517 285 558 cuius,
313 514 490 566 mensura
524 513 578 554 est
614 512 786 564 angulus
838 515 875 554 A
898 517 934 555 Π
960 508 1142 565 ΥΞΦ.
1194 517 1333 567 Atque
1386 517 1439 556 ita

162 591 244 620 tota
284 577 426 632 solu-tio
463 577 613 618 nostrae
650 578 888 630 quaestionis
922 579 986 620 liis
1037 580 1190 620 duabus
1244 579 1448 622 deterrui<

165 642 386 686 nationibus
419 642 727 684 continebitur:

164 758 166 760 v
225 725 259 764 1
293 719 535 763 Pressionem
574 723 677 764 funis
713 725 754 765 in
792 723 944 778 punsto
981 723 1022 766 Y
1068 723 1141 764 effe
1185 721 1368 766 111¹&
1371 712 1446 747 -λΦ

162 812 247 856 Π.
284 814 530 858 Tenfionem
566 818 669 859 funis
705 817 746 859 in
781 818 929 866 eodem
959 815 1050 858 loco
1084 816 1244 858 effe:
1263 814 1307 856 M
1342 803 1448 855 ε-’Ψ

157 911 257 955 quae
292 911 391 952 crgo
415 931 426 950 ‚
460 913 542 952 quo
577 901 738 952 longius
771 880 818 940 ab
859 901 981 942 initio
1032 898 1078 940 A
1119 900 1410 954 progredimur
1431 932 1442 953 ‚

155 965 350 1019 quoniam
383 965 614 1019 amplitudo
645 961 687 1019 Φ
721 966 922 1007 continuo
955 966 1088 1006 crelcit
1114 994 1125 1014 ‚
1157 978 1205 1006 eo
1240 965 1310 1006 fiet
1355 966 1440 1006 mi-

157 1042 242 1071 nor.
297 1029 412 1069 Vnde
446 1029 473 1071 si
510 1032 613 1073 alter
648 1032 754 1079 funis
789 1032 990 1072 terminus
1023 1030 1064 1070 in
1096 1029 1248 1085 *punCto
1288 1042 1437 1072 curuae

154 1106 399 1148 quocunque
452 1096 488 1134 T
537 1097 728 1137 statuatur
762 1104 801 1134 et
836 1095 1068 1147 amplitudo
1119 1107 1232 1134 arcus
1280 1095 1441 1138 AYT

156 1160 279 1201 fuerit
312 1173 364 1200 z
385 1156 418 1207 Θ,
437 1159 563 1199 tensio
598 1157 640 1197 in
676 1157 753 1199 hoc
789 1157 879 1199 loco
914 1159 952 1200 T
985 1159 1064 1198 erit
1084 1157 1136 1199 M
1157 1152 1291 1208 ε-λθ,
1323 1160 1436 1200 ideo-

155 1236 254 1277 que,
289 1222 317 1263 fi
356 1223 396 1262 in
433 1224 509 1264 hoc
546 1222 636 1263 loco
673 1222 734 1263 vis
770 1223 933 1264 tendens
966 1222 1061 1268 huie
1097 1222 1276 1276 aequalis
1312 1223 1436 1266 fuerit

155 1287 383 1340 applicata,
418 1296 529 1327 totus
563 1288 666 1328 funis
700 1288 741 1329 in
777 1287 1015 1340 aequilibrio
1048 1288 1235 1340 constet3
1289 1287 1344 1329 ita
1380 1300 1445 1330 ta—

156 1363 252 1392 men
284 1382 294 1401 ,
326 1362 372 1391 vt
408 1352 436 1393 si
472 1350 538 1392 vel
575 1350 701 1393 tensio
741 1352 786 1393 M
827 1351 1040 1393 tantillum
1093 1363 1311 1404 augeretur
1372 1351 1442 1395 vel

156 1414 281 1456 tensio
326 1415 370 1457 N
424 1414 635 1458 tantillum
688 1415 1030 1468 diminueretur,
1064 1416 1195 1457 statim
1232 1418 1340 1458 funis
1392 1419 1441 1460 ad

160 1490 322 1519 motum
361 1482 637 1521 concitaretur
671 1481 717 1521 ab
760 1479 802 1522 Y
857 1482 993 1522 versus
1030 1483 1079 1522 A.
1132 1480 1220 1523 Vbi
1258 1482 1441 1522 maxime

158 1544 392 1585 mirandum
449 1535 663 1594 occurrit,
714 1544 820 1599 quod
873 1545 940 1587 hic
997 1555 1158 1586 tantum
1211 1546 1444 1600 amplitudo

155 1620 305 1649 curuae
342 1610 381 1648 in
417 1610 576 1649 censum
618 1610 787 1658 veniat,
816 1611 915 1651 dum
954 1611 1087 1652 radius
1121 1611 1245 1654 osculi
1279 1623 1440 1654 tantum

155 1673 198 1712 in
231 1673 611 1715 determinationem
648 1673 850 1729 preffionis
886 1675 1119 1729 ingreditur.

307 1782 337 1830 ς.
380 1791 450 1828 23.
483 1778 602 1834 Quod
654 1779 682 1821 fi
720 1782 818 1822 >iim
862 1782 1086 1824 tensionem
1119 1785 1353 1827 1minorem
1391 1784 1435 1828 N

155 1852 200 1882 vt
240 1843 372 1883 datam
411 1845 665 1896 speeiemuS,
702 1848 779 1887 erit
833 1848 962 1889 maior
1002 1849 1064 1890 ,Μ
1087 1849 1198 1890 :N
1221 1842 1314 1902 ελθ,
1344 1862 1442 1901 quae

156 1917 254 1957 ergo
288 1909 556 1949 ctiimnunc
577 1922 675 1950 cum
727 1911 798 1951 illa
859 1911 901 1953 in
953 1913 1195 1985 aequilibrio
1243 1915 1434 1955 consistit

158 1972 235 2011 Vbi
273 1971 485 2022 imprimis
518 1973 744 2015 notandum
777 1976 868 2026 est,
900 1979 1094 2030 quamdiu
1133 1978 1199 2017 vis
1233 1978 1278 2018 M
1301 1980 1439 2020 minor

156 2037 277 2075 suerit
312 2047 434 2087 quam
473 2029 594 2076 Nem
628 2040 909 2090 aequilibrium
946 2039 1076 2081 nihilo
1113 2043 1249 2081 minus
1297 2041 1436 2084 locum

159 2100 232 2141 effe
273 2099 523 2145 habiturum.
605 2102 726 2145 Probe
775 2115 911 2155 autem
934 2106 1209 2157 mterrenduml.
1235 2105 1291 2147 est
1313 2117 1437 2149 stum

761 2167 822 2211 Ss
855 2184 880 2210 2
1286 2171 1442 2213 frictio-
