2012 2724
591 252 682 298 576
701 242 783 286 DE
802 239 932 287 sirv
953 234 1164 286 GEOGR.
1186 237 1321 283 vAa.
1336 241 1399 283 m
1423 241 1538 284 Rvs.
1555 241 1759 286 rocoa.

808 348 824 363 0

587 359 710 400 bitam
748 371 803 407 32
828 390 836 398 .
858 351 917 396 0‘.
984 356 1034 398 In
1066 367 1211 409 genere
1245 365 1383 398 autem
1423 363 1532 412 patet
1582 365 1666 396 tam
1721 348 1862 406 hanc}

590 436 711 478 qiam
749 420 921 475 reliquas
956 434 1029 475 pro
1064 421 1411 474 Longitudinibus
1445 419 1696 474 reliquorum
1752 420 1864 460 loco·

587 497 684 528 rum
718 485 855 526 allatas
885 486 1242 528 determinationes
1267 516 1278 536 ‚
1336 498 1417 528 non
1457 498 1530 538 pro
1560 486 1736 525 omnino
1786 496 1864 524 ex-

586 552 683 591 ac'tis
713 548 846 590 haberi
886 549 1019 604 posse,
1070 551 1163 603 quia
1216 551 1552 591 obseruationibus
1605 549 1737 603 paucis
1791 560 1862 589 nec

585 617 743 671 prorsus
778 614 951 655 indubiis
985 614 1225 656 innituntur.
1294 614 1452 656 Praeter
1488 614 1559 655 has
1595 626 1694 653 vero
1727 612 1857 653 obser-

583 681 847 729 vation05‚ad
886 679 1202 731 Longitudinem
1240 678 1362 719 huius
1395 678 1860 727 locidetermininiam,

586 743 762 783 adhiberi
799 756 956 797 quoque
1015 745 1165 798 poss‘ent
1220 743 1308 784 illae
1332 775 1343 796 ‚
1378 744 1515 797 quibus
1559 742 1662 784 Nob.
1700 740 1864 782 Eulerus

585 807 846 848 altitudinem
887 807 1022 848 Lunae
1060 808 1322 849 meridianam
1369 808 1626 848 mensurauit.
1699 807 1861 845 Verum

589 883 717 924 quum
752 871 1027 912 conclusiones
1061 871 1157 912 hinc
1187 871 1436 913 deducendae
1473 873 1543 911 vix
1575 869 1719 911 maiori
1740 879 1863 922 quam

590 936 710 974 vuius
746 935 896 974 minuti
935 935 1175 985 praecisione
1214 935 1385 984 gaudere
1420 945 1599 986 queant,
1651 944 1692 973 et
1726 933 1868 973 huius-

591 998 705 1038 modi
739 997 1094 1037 determinationes
1127 997 1380 1050 caeteroquin
1432 998 1604 1037 calculos
1656 999 1863 1049 requirant

593 1062 798 1114 aliquanto
833 1059 1080 1113 operosiores
1104 1089 1114 1108 ‚
1167 1061 1253 1099 illas
1291 1061 1582 1100 obseruationes
1617 1060 1658 1098 in
1694 1070 1865 1112 compu-

592 1136 680 1166 tum
704 1124 776 1163 hac
794 1122 995 1164 occasione
1015 1135 1094 1161 non
1123 1122 1331 1161 duximus.
1367 1121 1431 1160 De
1460 1124 1723 1162 declinatione
1753 1122 1866 1163 Acus

591 1188 852 1239 Magneticae
888 1188 926 1226 in
963 1185 1159 1238 aliquibus
1195 1185 1382 1226 locorum
1419 1185 1533 1237 supra
1568 1197 1869 1225 commemora-

592 1262 732 1294 torum
755 1266 774 1291 a
798 1250 901 1291 Nob.
923 1250 1059 1291 Eulero
1095 1251 1310 1297 obseruata,
1338 1248 1490 1288 consuli
1523 1251 1645 1301 potest
1676 1248 1870 1288 Diffi-rta-

593 1317 654 1358 tio
670 1315 754 1357 Cel.
778 1314 919 1369 Kraffc
957 1314 996 1353 in
1035 1314 1174 1359 Tomo
1211 1315 1355 1354 XVII.
1383 1312 1880 1364 Nouoncommentar„

592 1393 693 1435 quae
726 1382 868 1421 statum
906 1378 1183 1418 declinationis
1225 1378 1475 1430 Magneticae
1516 1379 1554 1418 in
1610 1378 1732 1416 variis
1788 1379 1870 1416 im·

595 1446 698 1499 perii
736 1443 885 1486 Rustici
923 1443 1021 1482 locis
1060 1443 1267 1493 exponit,
1301 1454 1422 1495 quare
1475 1442 1544 1483 has
1576 1442 1870 1482 obseruationes

595 1509 690 1549 heic
727 1517 905 1561 repetere
940 1505 1045 1545 nihil
1081 1506 1135 1545 eil:
1172 1506 1330 1548 neceffe.
1418 1506 1478 1547 De
1531 1505 1871 1548 obseruationibus

594 1573 764 1626 denique
802 1570 1162 1621 meteorologlcis,
1201 1582 1296 1624 quas
1334 1570 1437 1613 Nol).
1472 1571 1631 1612 Ezclerus
1678 1569 1871 1620 singulari

595 1649 689 1678 cura
726 1637 929 1685 instituit,
966 1634 1067 1675 nihil
1108 1635 1195 1674 heic
1230 1635 1482 1685 adferemus,
1541 1636 1634 1688 quia
1670 1635 1719 1674 ob
1752 1635 1868 1674 breue

599 1702 796 1754 temporis
831 1699 1094 1741 interuallum
1119 1731 1129 1750 ‚
1164 1709 1246 1751 quo
1280 1699 1321 1737 in
1360 1698 1528 1753 singulis
1564 1699 1658 1739 locis
1681 1710 1870 1738 commo-

596 1775 708 1806 ratus
740 1765 821 1815 est,
863 1776 914 1804 ex
951 1763 1013 1804 his
1044 1763 1386 1803 obseruationibus
1423 1767 1498 1805 vix
1533 1763 1750 1816 quidquam
1775 1773 1873 1801 con-

598 1829 706 1871 cludi
747 1828 850 1881 poffe
882 1828 1067 1877 videtur3
1118 1826 1188 1866 nili
1225 1829 1349 1868 forsan
1385 1827 1412 1868 sl
1447 1839 1584 1869 earum
1622 1825 1875 1879 comparatio

597 1895 827 1936 instituatur
863 1904 956 1932 cum
992 1891 1329 1933 obseruationibus
1365 1891 1724 1942 Meteorologicis,
1781 1889 1875 1929 alibi

599 1958 742 1998 codem
779 1967 961 2010 tempore
997 1956 1200 2003 institutis,
1227 1958 1450 1997 cuiminodi
1487 1965 1620 1996 tamen
1657 1965 1876 2009 comparae

599 2023 756 2063 tionem
793 2022 896 2062 inire
918 2051 930 2073 ‚
965 2033 1066 2061 nunc
1102 2019 1221 2061 nostri
1257 2034 1334 2063 non
1369 2021 1424 2062 est
1459 2020 1640 2062 instituti.

1799 2255 1881 2300 DE
