2012 2724
543 190 631 230 258
758 178 839 219 DE
875 170 1272 227 AEQVILlssRlo
1309 171 1390 212 ET
1423 171 1602 216 MOTV

541 300 590 342 M
611 298 656 351 Q
683 294 747 334 axi
787 288 1105 345 pamllelamss
1055 302 1104 311 -Ρ
1124 285 1208 341 Qd
1225 299 1265 339 53
1303 283 1449 340 quibus
1471 285 1623 328 viribus
1643 284 1816 326 elemen-

539 362 688 404 taribus
719 357 884 407 adiungi
918 363 1111 407 opportet
1146 353 1251 392 vires
1286 350 1452 402 finitas,
1503 352 1645 405 quibus
1696 349 1817 390 filum

540 427 608 468 vel
645 425 684 464 in
716 423 844 464 altero
880 427 1042 459 tantum
1079 417 1290 467 termino,
1327 416 1394 456 vel
1430 418 1468 455 in
1504 427 1675 469 vtroque
1696 414 1817 455 solli-

537 492 702 532 citatur.
770 485 979 526 Praeterea
1018 495 1116 523 vero
1150 482 1305 522 ratione
1339 481 1579 521 elastieitatis
1615 479 1734 519 filum
1763 479 1817 520 ita

539 561 825 608 comparatum
861 549 1147 602 concipiatur,
1205 557 1249 586 vt
1289 545 1317 586 si
1351 548 1396 584 ad
1433 544 1680 585 elementum
1717 543 1762 584 M
1784 556 1818 583 m
1842 557 1853 563 ’

541 621 677 660 radius
710 614 1103 661 curuedinisbfuetit
1139 624 1246 661 εν,
1279 610 1530 650 confirmatio
1566 609 1688 648 huius
1720 621 1822 650 cur·-

539 693 709 726 waturae
738 678 910 735 postulet
949 679 1108 718 virium
1146 684 1407 716 momentum
1442 670 1554 715 ΖΞ.
1622 673 1715 728 Quo
1749 685 1822 714 au·

1514 718 1530 735 ,.

542 766 631 799 ¹tem
665 765 908 797 curuaturae
942 754 1050 795 ratio
1084 749 1241 794 facilius
1276 749 1464 791 habeatur
1486 781 1496 798 ‚
1531 760 1729 802 ponamus
1748 760 1821 788 an-

541 821 696 874 gulum
740 822 779 861 A
803 814 1052 870 MP:<D‚
1085 828 1210 870 quem
1256 814 1403 856 scilicet
1454 823 1619 865 tangens
1674 822 1822 851 curuae

543 897 641 927 cum
697 883 899 936 applicata
953 882 1188 930 constituit,
1237 880 1394 934 eritque
1447 877 1624 929 angulus
1676 876 1821 928 Mmp

545 942 857 999 ΞΦ-ὶ-ΔΦ
895 945 1069 997 hincque
1104 944 1360 996 perspicuum
1396 943 1657 991 est‚r1dium
1692 939 1818 982 osculi

545 1015 586 1055 in
623 1013 667 1054 M
703 1014 870 1052 fore-
820 1044 869 1052 ,-
894 1002 980 1076 Ξ-ΞΦ,
1014 1008 1141 1062 slcque
1178 1018 1434 1048 momentum
1469 1005 1710 1048 elusticitatis
1744 1003 1824 1046 erit

544 1075 651 1152 fida-E.
755 1085 828 1125 His
897 1091 1032 1123 autem
1102 1081 1238 1134 positis
1303 1082 1381 1122 erit
1449 1080 1518 1120 sin.
1539 1070 1717 1138 (Dr-‘2³2
1784 1086 1822 1117 et

544 1122 750 1207 'col-<133
770 1148 788 1215 j}
774 1156 854 1213 -2,
887 1153 1078 1193 existente
1119 1151 1145 1190 d
1164 1165 1182 1192 s
1218 1167 1266 1174 -
1218 1152 1315 1193 d
1329 1146 1456 1199 1³4-
1474 1145 1570 1201 dy²
1654 1151 1824 1193 Consti-

546 1233 646 1274 tutis
682 1230 811 1282 igitur
846 1224 909 1265 his
944 1224 1096 1265 viribus
1129 1224 1392 1265 determimri
1426 1225 1538 1264 debet
1594 1224 1723 1276 figura
1776 1226 1822 1268 ad

546 1309 668 1352 quam
709 1293 828 1334 filum
866 1291 901 1332 se
935 1298 1191 1342 componet,
1248 1299 1288 1330 et
1341 1290 1383 1328 in
1437 1285 1676 1341 aequilibrio
1726 1302 1825 1329 con·

546 1361 681 1404 sistet:
735 1366 856 1410 atque
892 1354 958 1396 hie
994 1354 1160 1405 quidem
1197 1353 1468 1394 momendum
1502 1351 1585 1402 est,
1630 1363 1701 1393 nos
1731 1351 1826 1393 alias

551 1427 653 1466 vires
688 1422 752 1464 hic
787 1431 865 1460 non
904 1417 1146 1468 admittere,
1196 1416 1269 1457 nisi
1305 1429 1405 1470 quae
1438 1418 1476 1457 in
1514 1417 1619 1458 idem
1657 1415 1825 1470 planum

548 1489 709 1539 cadant,
746 1487 786 1526 in
821 1495 902 1537 quo
935 1483 1062 1524 etiam
1101 1491 1238 1523 toturn
1275 1481 1393 1522 filum
1414 1481 1661 1533 continetur,
1681 1490 1827 1535 quam·

548 1555 614 1595 vis
649 1550 824 1604 quaestio
859 1560 938 1587 non
978 1545 1111 1586 multo
1144 1545 1350 1586 difficilior
1385 1546 1477 1586 effct
1511 1548 1676 1596 futura,
1709 1543 1735 1583 fi
1771 1544 1829 1584 fi-

550 1617 594 1659 lo
627 1614 781 1667 duplex
813 1621 1030 1653 curuatura
1084 1610 1361 1658 tribueretur,
1413 1612 1537 1652 ternis
1587 1608 1828 1652 coordinatis

552 1679 812 1726 definienda,
847 1676 915 1716 vbi
949 1676 1072 1714 etiam
1110 1673 1282 1726 triplicis
1315 1674 1465 1714 ordinis
1501 1675 1606 1714 vires
1641 1675 1679 1713 in
1714 1685 1829 1712 com-

551 1754 703 1800 putum
738 1741 827 1782 duci
862 1739 1061 1780 deberent.
1127 1737 1293 1778 Verum
1343 1737 1616 1790 perspicuitati
1672 1736 1829 1790 potitii-

552 1821 674 1851 murn
717 1802 960 1846 consulentes
1013 1802 1152 1841 omnia
1206 1801 1247 1840 in
1298 1801 1440 1841 eodem
1497 1803 1614 1854 plano
1663 1801 1828 1840 existere

551 1871 846 1924 concipiamus.
915 1867 1090 1908 Interim
1130 1877 1263 1906 tamen
1303 1856 1432 1918 ipsum
1469 1864 1586 1904 filum
1625 1874 1829 1916 vtcunqne

554 1938 598 1979 in
635 1933 852 1987 aequaliter
887 1930 1056 1973 craffum
1093 1941 1132 1970 et
1153 1930 1356 1970 clasticum
1382 1931 1545 1971 statuere
1568 1926 1673 1981 licet,
1695 1940 1826 1983 quan-

555 2000 771 2056 doquidem
805 1996 897 2039 hinc
931 1994 1081 2038 solutio
1112 2007 1190 2036 non
1223 1995 1355 2036 euadit
1388 1992 1613 2038 difficilior.

1708 2195 1827 2240 Solu-
