2012 2724
405 207 411 255 Ι
440 206 524 250 DE
559 200 879 250 FORAMINE
914 199 1121 245 (ΝΛΜ.
1325 214 1414 254 423

308 319 660 374 quemadmodum
716 325 779 358 tot
839 315 950 358 facile
1005 315 1184 367 inuenies
1233 315 1429 358 foramina

307 384 440 426 oualia
466 414 478 434 ‚
509 393 610 437 quot
645 379 849 434 aperueris
887 381 1006 428 rasa,
1040 379 1184 433 quibus
1219 379 1258 421 in
1293 392 1428 435 oppo-

306 448 382 489 ssto
417 448 544 490 latere
575 445 680 486 rami
718 444 998 489 inseruntur.)

231 523 302 555 ιι.
328 524 393 555 12.
424 523 492 560 13·
527 506 722 550 Truncus
755 518 878 549 venae
896 515 1016 548 cauae
1034 505 1237 548 inferioris
1253 514 1434 561 apertus.

225 588 302 618 11.
337 574 469 618 Paries
500 571 588 612 eius
618 571 768 614 dexter.

222 671 293 702 12.
317 667 387 705 ιε.
418 651 553 695 Paties
585 652 762 696 eIusdem
798 650 948 695 sinister
979 652 1176 696 diffestuS.

224 732 293 772 ¹4·
329 719 495 770 Regio,
529 729 630 774 quae
671 716 867 763 efficiebat
911 718 1110 774 parietem
1144 725 1267 758 venae
1316 723 1431 758 antee-

302 794 472 824 norem.

223 867 294 910 ις.
330 859 462 911 Regio
482 888 495 911 ,
528 870 628 914 quae
658 855 851 912 posterior
889 856 1022 901 trunci
1058 867 1181 899 venae
1211 864 1331 897 cauae
1366 853 1434 896 in·

307 923 467 966 ferioris
500 924 626 978 paries
658 930 757 964 erat.

226 1001 298 1041 16.
334 997 391 1039 Et
425 996 491 1039 hic
523 994 638 1039 locus
672 992 884 1037 notandus,
964 991 1036 1034 Est
1069 990 1253 1032 summus
1302 987 1434 1042 paries

309 1061 490 1103 anterior
525 1069 648 1101 venae
682 1068 801 1100 cauae
843 1055 1078 1107 inferioris,
1128 1054 1194 1096 vbi
1249 1053 1290 1094 in
1340 1051 1435 1096 smi-

308 1126 439 1169 ssrum
474 1125 684 1174 vertitur,
719 1122 830 1161 iuxta
864 1131 960 1162 crus
992 1118 1198 1161 finisttum
1230 1127 1365 1160 arcus.

651 1225 775 1280 Tab.
811 1225 937 1279 VIII.

310 1327 432 1372 Sinus
465 1326 597 1368 cordis
629 1329 756 1371 vituli
787 1337 962 1380 quatuor
996 1327 1156 1370 circiter
1192 1324 1436 1380 septimana-

160 1406 256 1438 rum
282 1424 294 1444 ,
326 1405 364 1435 ct
407 1392 573 1436 valuula
614 1392 718 1436 finus
770 1392 938 1441 sinistri,
980 1403 1033 1435 ex
1068 1389 1205 1434 vitulo
1235 1390 1279 1432 in
1312 1400 1434 1447 partu

161 1468 344 1502 mortuo.

707 1519 801 1574 Fig.
838 1528 878 1568 5.

309 1615 426 1659 Sinus
456 1626 627 1670 vterque
661 1616 791 1656 cordis
822 1614 994 1659 vitulini
1025 1626 1187 1673 apertus
1217 1622 1258 1657 et
1278 1610 1437 1656 acorde

160 1679 359 1735 separatus
378 1713 390 1734 ,
422 1693 442 1722 a
479 1691 590 1737 parte
622 1680 830 1722 anteriori.

223 1769 258 1799 α.
279 1756 364 1799 h-c.
387 1756 424 1798 d.
461 1756 579 1799 Sinus
611 1754 750 1796 dexter
782 1763 960 1810 apertuS,
990 1767 1027 1798 a.
1063 1752 1259 1807 Angqus
1290 1751 1435 1795 festio-

311 1821 375 1862 nis
408 1821 451 1861 in
489 1831 591 1862 vena
629 1830 724 1861 caua
763 1819 974 1874 superiori.
1058 1819 1095 1867 b.
1143 1817 1277 1861 Paries
1330 1814 1437 1857 smus

312 1885 495 1925 anterior
528 1884 782 1926 dextrorsum
820 1883 1006 1926 reflexus.
1058 1896 1092 1927 c.
1112 1881 1228 1925 Idem
1253 1894 1274 1922 a
1302 1878 1440 1932 'priori

315 1947 520 1999 resectus,
563 1946 737 1990 reflexus
778 1947 1056 1990 finistrorsum.
1138 1946 1177 1986 d.
1211 1942 1436 1985 Orificium

318 2012 510 2052 venosum
546 2011 766 2054 ventriculi
797 2011 932 2055 dextri
970 2019 1171 2067 apertum.

225 2104 260 2135 e.
295 2092 497 2134 Auricula
530 2093 682 2137 dextre.
736 2094 776 2150 s.
814 2095 926 2136 Vena
961 2105 1056 2134 caua
1091 2088 1289 2143 superior.
1431 2146 1436 2148 ξ

220 2169 262 2212 g.
297 2155 417 2199 Sinus
450 2168 538 2213 pars
571 2158 747 2211 superior
782 2158 919 2204 laeuis.
963 2155 999 2201 h.
1036 2152 1200 2196 Cauitas
1218 2148 1437 2196 auriculae·

232 2221 273 2263 T
276 2220 774 2267 om.XX.Nou.Comm.
1034 2219 1073 2262 H
1096 2217 1123 2260 h
1143 2215 1172 2260 h
1407 2215 1435 2258 i.
