2012 2724
474 198 559 244 DE
594 194 913 244 FORAMINE
948 190 1151 242 OVALI.
1362 215 1385 255 3
1397 213 1423 255 7
1434 219 1452 248 ι

181 314 378 359 tubulofiie
412 314 516 357 finus
551 315 694 358 sinistri
715 345 727 366 ,
764 324 843 368 qua
887 316 1111 357 maximam
1167 321 1322 370 partem
1356 329 1450 360 orae

181 383 341 435 parietis
375 380 515 422 sinistri
551 391 592 422 et
626 378 853 434 posterioris
904 392 1027 420 venae
1063 392 1181 420 cauae
1232 390 1270 420 et
1319 383 1454 437 aliqua

184 446 337 486 minori
373 457 482 499 parre
517 447 644 485 etiam
679 441 790 481 arcui
827 441 923 483 haec
956 444 1118 483 valuula
1155 443 1328 495 infidet3
1384 447 1453 488 vel

177 507 207 550 si
241 511 369 550 mauis
389 536 402 557 ,
432 506 546 563 ipstmt
576 505 757 555 orficicttn
790 516 908 546 venae
954 520 1071 548 cauae
1105 507 1302 559 finistrum
1325 540 1337 559 ‚
1385 523 1453 564 quo

178 574 217 613 in
237 573 355 624 linum
381 570 564 621 [instrum
598 570 777 622 aperitur
795 598 807 619 ‚
840 579 878 610 et
914 572 975 612 cui
1015 569 1168 613 valuula
1217 570 1285 611 illa
1337 573 1455 615 tubu-

179 634 250 690 losa
281 634 442 690 hoflstta
471 633 699 676 adneffh'tur.
776 634 863 675 Hoc
900 635 1032 688 ipsum
1070 647 1227 689 quoque
1263 635 1367 678 iliud
1401 639 1454 679 est

177 700 378 742 orificium
403 728 414 747 ,
450 699 560 750 quod
586 728 597 747 ,
633 700 947 751 quamprimum
986 700 1091 740 finus
1124 702 1299 750 dexter,
1353 714 1453 754 qua·

181 773 333 813 cunque
368 763 427 802 sui
466 771 608 815 parte,
645 774 721 802 vna
755 774 853 802 cum
889 775 990 803 vena
1025 775 1119 804 caua
1154 764 1353 817 aperitur,
1372 764 1453 805 siue

177 825 414 878 destruitur,
449 826 545 867 ilico
589 827 748 880 semper
796 827 837 866 in
890 827 1153 880 conspectum
1208 829 1323 868 venit
1350 858 1362 878 ,
1411 839 1454 870 et

172 890 278 943 quod
313 890 444 941 igitur
480 890 604 931 latere
653 891 815 942 quidem
873 891 1078 929 neminem
1131 889 1265 940 potuit
1290 919 1302 940 ,
1354 894 1413 932 sed
1439 924 1450 942 ,

172 953 268 1006 quid
305 966 400 995 vere
435 953 482 995 sit
503 984 514 1005 ,
548 952 755 993 intelleciu
791 954 823 992 se
858 952 1076 994 admodum
1113 951 1283 994 difficile
1329 966 1452 1010 prae·-

171 1017 272 1060 buit.

324 1083 356 1131 ξ.
405 1094 478 1133 13.
533 1085 611 1127 Hic
663 1094 830 1134 autem,
875 1094 998 1139 quem
1051 1085 1273 1141 descripsi,
1325 1085 1660 1145 venaeVenaeea·

168 1158 288 1188 cauae
308 1179 319 1199 ‚
351 1158 390 1190 et
424 1149 686 1191 orificiorum
719 1152 802 1189 eius
837 1149 953 1188 status
992 1148 1252 1191 solummodo
1278 1150 1318 1190 in
1339 1138 1635 1206 foetuvjde‘ffl‘ffi·

169 1211 358 1264 obtinet,
391 1215 462 1263 qui
499 1225 624 1266 prope
658 1212 743 1259 est,
772 1222 819 1253 vt
857 1212 1069 1260 nascatur,
1106 1213 1174 1253 vel
1209 1215 1249 1253 in
1283 1200 1658 1273 1¹¹fat¹te⁹2i32mffltffi

172 1275 488 1327 quamprimum
548 1288 652 1318 nato.
724 1275 811 1318 Post
863 1275 1018 1328 aliquot
1055 1277 1142 1317 inde
1180 1280 1331 1317 menses
1367 1290 1491 1323 nonin
1525 1289 1680 1324 Adulto.·

171 1338 301 1378 solum
325 1368 337 1387 ,
372 1340 477 1390 quod
514 1348 664 1381 notum
697 1341 779 1392 est,
817 1338 981 1381 valuula
1020 1338 1123 1380 finus
1159 1339 1303 1382 finistri
1344 1351 1440 1380 cum
1460 1339 1597 1396 orificio
1620 1338 1658 1373 fi-

172 1413 216 1441 εει
252 1411 363 1454 parte
396 1403 495 1457 septi
532 1403 720 1457 sinuum,
768 1415 870 1458 quae
905 1404 1092 1456 proxime
1129 1406 1245 1456 supra
1298 1389 1660 1474 arcumpugroelau-

171 1466 226 1506 est
250 1498 262 1518 ,
295 1466 424 1518 magis
461 1468 672 1522 magisque
703 1467 915 1510 concrescit
937 1498 948 1518 ,
998 1466 1286 1521 orificiumque
1321 1448 1658 1529 venaegmffitsssg}

169 1540 288 1571 cauae
324 1530 527 1572 sinistrum
564 1532 638 1574 hoc
674 1534 796 1573 modo
829 1531 1039 1580 occludit‚·
1076 1533 1133 1571 sed
1155 1562 1167 1583 ,
1216 1533 1321 1584 quod
1358 1533 1439 1572 mi-
1456 1554 1517 1578 nae
1544 1553 1644 1575 cauae

171 1605 247 1634 nus
280 1595 532 1636 obseruatum
574 1597 683 1646 fuit,
717 1608 784 1636 nec
821 1595 895 1636 effe
930 1596 1086 1649 potuit,
1118 1595 1327 1637 orificium
1364 1596 1568 1637 xre-lumen
1594 1603 1661 1626 oc·

172 1669 243 1698 nae
280 1669 401 1698 cauae
434 1660 625 1700 dextrum
660 1671 849 1713 quoque,
885 1662 1020 1699 eadem
1059 1661 1234 1708 ratione,
1267 1672 1343 1714 qua
1383 1660 1430 1700 il-
1452 1651 1565 1691 cupat-

170 1720 241 1761 lud
275 1722 570 1775 imminuitur,
600 1723 791 1764 dilatatur
826 1733 867 1764 et
900 1733 1082 1774 augetur.
1117 1724 1286 1776 Sanguis
1312 1725 1443 1772 enim,

172 1785 287 1826 cuius
323 1797 467 1837 magna
504 1799 593 1841 pars
627 1789 672 1828 ad
715 1786 792 1828 hoc
847 1799 969 1840 vsque
1017 1797 1181 1841 tempus
1230 1800 1282 1828 ex
1339 1801 1440 1828 vena

172 1860 271 1888 caua
308 1851 485 1892 inferiori
523 1865 592 1905 per
630 1851 833 1893 sinistrum
868 1853 954 1892 eius
988 1850 1197 1893 orificium
1236 1853 1275 1892 in
1308 1851 1439 1892 smum

177 1911 378 1953 sinistrum
414 1914 648 1964 transierat,
683 1916 1030 1969 quemadmodum
1083 1916 1124 1956 in
1172 1917 1441 1968 subsequenti-

178 1975 248 2015 bus
272 2005 283 2025 ,
315 1975 503 2016 beneuole
558 1978 734 2031 Lector‚
786 1980 1097 2031 demonstrabo,
1152 1979 1225 2019 hoc
1278 1978 1441 2019 orificio

176 2038 331 2087 clauso,
366 2040 503 2080 omnis
545 2041 684 2096 incipit
725 2056 796 2097 per
843 2046 1036 2085 dextrum
1088 2040 1295 2084 orificium
1347 2054 1444 2082 con-

177 2105 269 2153 geri
305 2103 345 2142 in
377 2104 568 2145 dextrum
605 2105 751 2148 smum.
833 2109 898 2148 Eo
939 2106 1148 2156 efficitur,
1200 2117 1245 2147 vt
1279 2105 1442 2147 valuula

179 2160 474 2214 EVSTACHII
506 2169 758 2214 dextrorsum
795 2174 923 2223 magis
961 2172 1195 2227 magisque,
1243 2181 1283 2212 et
1329 2180 1443 2210 arcus

771 2239 806 2276 A
827 2247 848 2276 a
867 2246 888 2275 a
929 2248 953 2274 2
1268 2243 1409 2278 contra
1429 2261 1443 2286 ,
