2012 2724
595 188 628 257 4
835 199 936 245 DE
1003 194 1636 245 FRAc‘rloNissvs

593 319 663 360 sub
697 318 824 358 forma
860 313 1048 369 plurium
1085 311 1358 362 fractionum,
1398 312 1501 353 inter
1535 313 1571 354 se
1605 325 1625 354 a
1661 311 1861 357 diuisione

596 381 786 424 continua
818 389 1171 422 concatenatarum
1191 411 1202 430 ,
1239 389 1335 431 quas
1371 389 1540 431 magnus
1572 378 1755 419 adhibuit
1779 379 1869 420 Hu-

596 448 768 501 gucnius
801 445 847 485 ad
887 443 1166 498 proportiones
1187 475 1197 493 ‚
1231 454 1307 496 pro
1341 442 1503 483 admiffa
1537 442 1670 496 aliqua
1705 444 1867 484 aberra-

597 515 741 559 tione,
778 508 1080 562 simplicissimis
1114 508 1298 547 numeris
1335 506 1628 560 exprimendas.
1694 507 1872 548 Exami-

597 575 699 617 nabo
733 572 984 628 potissisnum
1022 571 1230 611 fractiones
1261 571 1469 610 continuas
1500 570 1588 611 data
1620 570 1707 623 lege
1742 575 1782 612 in
1803 574 1874 612 in-

597 639 764 680 finitum
800 637 1105 691 progredientes
1126 667 1136 683 ,
1169 634 1397 674 cuiusmodi
1433 633 1585 675 celebre
1621 639 1730 676 nobis
1762 637 1868 677 dedit

596 702 845 756 exemplum
897 700 1068 743 illustris
1120 696 1412 746 Broumhems,
1465 700 1697 749 argumenti
1747 699 1869 740 liuius

595 767 757 809 Austor
779 795 790 814 ‚
841 776 916 818 pro
954 763 1258 803 determinanda
1290 761 1448 801 ratione
1483 762 1587 801 inter
1619 766 1864 814 quadratum

595 842 637 872 et
666 828 872 870 circulum
910 828 946 869 ei
982 826 1224 879 inscriptum
1246 855 1258 875 ,
1291 836 1408 878 quarn
1447 823 1660 866 Wallisius
1690 838 1739 865 ex
1776 838 1873 880 pro-

594 892 832 936 fundiffimis
887 889 1028 932 abditis
1080 899 1235 929 eruerat
1285 890 1487 940 modoque
1536 889 1654 929 valde
1712 891 1871 932 diuerso

595 957 848 1011 exprefferat.
911 954 1097 997 Animus
1129 964 1215 994 erat
1244 952 1471 1006 inquirendi
1495 982 1507 1001 ‚
1548 954 1785 1006 quibusnam
1822 956 1864 995 in

596 1023 744 1065 casibus
775 1019 1044 1073 exprcssiones
1078 1019 1230 1059 nostrae
1266 1018 1306 1057 in
1355 1016 1567 1058 infinitum
1619 1018 1873 1058 continuatae

595 1087 781 1130 valorem
815 1084 1022 1125 obtineant
1051 1082 1267 1123 communi
1303 1080 1456 1131 analysi
1505 1082 1869 1123 determinabilem.

596 1151 775 1194 Miratus
807 1148 893 1187 sum
925 1146 1178 1200 pauciffimos
1209 1146 1282 1187 effe
1317 1144 1430 1184 hosce
1464 1146 1570 1184 casus
1602 1156 1748 1198 eosque
1778 1144 1875 1185 sim·

596 1213 866 1271 plicissim053
919 1220 1079 1263 praeter
1127 1209 1201 1251 hos
1243 1207 1389 1261 reliqui
1424 1219 1565 1249 omnes
1596 1210 1643 1250 ad
1677 1208 1873 1250 formulas

596 1272 952 1320 transcendent-ales
972 1274 1194 1314 conducere
1214 1273 1401 1310 videntur
1420 1285 1436 1310 ·.
1466 1284 1534 1310 nec
1569 1281 1726 1319 tamen,
1744 1282 1872 1323 quan-

595 1350 690 1381 tum
724 1349 801 1388 ego
833 1335 997 1388 quidem
1030 1336 1147 1382 scio,
1199 1332 1332 1373 vllum
1385 1333 1514 1373 adbuc
1565 1345 1586 1372 a
1638 1330 1877 1374 Geometris

594 1403 801 1460 prolatum
853 1400 936 1440 fuit
985 1397 1233 1453 exemplum
1277 1408 1329 1438 ea.
1373 1398 1423 1436 de
1471 1408 1514 1436 re
1575 1395 1687 1436 aliud
1747 1407 1877 1450 quam

588 1464 997 1512 Brouncheriauum.

747 1571 781 1619 ς,
819 1579 859 1606 2.
893 1564 1070 1605 Initium
1105 1565 1248 1606 faciam
1277 1563 1324 1602 ab
1357 1563 1601 1616 expressione
1620 1560 1871 1606 fractionum

594 1632 887 1676 continuarum
921 1628 1066 1668 nullibi
1097 1629 1358 1680 abruptarum
1397 1626 1503 1665 inter
1536 1639 1676 1667 omnes
1709 1627 1875 1680 simpli·

595 1698 748 1739 cissima
805 1693 1067 1745 maximeque
1116 1693 1242 1733 obuia.
1332 1689 1583 1742 proponatur
1617 1691 1768 1734 scilicet
1799 1691 1873 1735 in·

596 1759 854 1816 vestigandas
885 1756 1001 1798 valor
1034 1756 1231 1810 sequentis
1262 1753 1524 1810 expressionis

1797 2227 1870 2271 vbi
