2012 2724
589 217 685 259 424
889 198 971 240 DE
1008 194 1331 240 roRAiquE
1365 197 1566 241 OVALr.

658 329 692 362 γ.
725 311 859 355 Arcus
894 310 975 364 ipse
1011 310 1051 351 in
1086 309 1176 351 sinu
1211 309 1365 353 sinistro
1400 318 1510 351 totus
1542 322 1746 365 apparens.

655 392 694 420 z.
728 374 896 417 Orificia
931 375 1186 417 venularum.

664 453 701 482 ι.
740 439 908 480 Limbus
929 471 941 491 ‚
974 441 1044 492 qui
1078 439 1310 482 accessorius
1343 439 1395 480 est
1431 439 1562 482 limbo
1585 472 1596 492 ,
1638 451 1721 495 quo
1754 439 1869 497 'kbasis

751 502 938 544 valuulae
970 498 1256 550 EVSTACHII
1292 505 1487 556 cingitur.

662 583 704 611 2.
743 568 943 618 Limbus,
976 581 1060 622 quo
1092 569 1188 610 basis
1238 568 1425 610 valuulae
1476 561 1769 614 EVSTACHII
1825 570 1867 610 in

748 635 906 674 interna
941 644 1063 674 venae
1096 645 1221 674 cauae
1255 631 1465 687 superficie
1495 634 1687 685 cingitur,
1712 645 1753 674 et
1785 646 1869 687 quo

749 698 919 738 valuula
951 709 972 737 a
1007 709 1133 738 venae
1171 698 1320 752 pariete
1354 697 1395 737 in
1440 696 1512 738 hac
1566 698 1720 738 interna
1774 701 1869 739 facie

749 762 1025 816 distinguitur.

666 839 711 877 3.
746 825 947 866 Valuulae
982 820 1273 871 EVSTACHII
1307 825 1426 881 ipsius
1462 825 1685 879 superficies
1706 826 1871 867 interna.

759 889 943 930 Notetur
965 919 976 939 ‚
1011 902 1167 943 partem
1206 891 1488 931 sinisteriorem
1525 888 1647 931 huius
1681 890 1872 930 valnulzic

759 965 782 992 a
817 964 933 992 crure
968 952 1122 994 finistro
1158 964 1271 992 arcus
1305 953 1450 994 tectam
1487 954 1587 1002 effe,
1620 964 1660 993 et
1694 956 1870 994 confera-

759 1025 827 1057 tur
863 1016 932 1068 fig.
958 1028 996 1057 1.
1017 1044 1030 1066 ,
1047 1017 1112 1058 vbi
1143 1016 1330 1057 valuulae
1350 1017 1582 1056 extremitas
1605 1016 1752 1058 sinissra
1787 1029 1880 1058 crus

761 1092 876 1121 arcus
909 1082 1024 1131 tegit.

677 1156 724 1194 4.
759 1143 930 1183 Limbus
963 1141 1085 1194 partis
1119 1141 1295 1192 integrae
1330 1142 1517 1182 valuulae
1551 1145 1734 1196 superior
1757 1177 1770 1195 ,
1799 1156 1882 1199 quo

765 1206 857 1245 haec
893 1204 937 1244 ab
967 1203 1175 1244 reticulata
1220 1204 1490 1253 distinguitur.

682 1278 722 1319 5.
759 1268 1027 1318 Reticulum,
1061 1268 1168 1321 quod
1202 1267 1310 1309 oculi
1350 1269 1521 1308 inermes
1552 1280 1692 1322 capere
1715 1269 1887 1321 potsunt,

770 1332 1041 1374 tenerrimum
1075 1342 1115 1372 ct
1151 1331 1467 1383 subtiliffimuni,
1494 1334 1692 1374 vndulans
1723 1334 1763 1373 in
1783 1345 1885 1387 aqua

769 1407 809 1438 et
848 1398 969 1451 plicas
1001 1397 1190 1438 efficiens,

682 1465 724 1503 6.
760 1461 984 1503 Orificium
1019 1463 1210 1501 dextrum
1245 1471 1368 1500 venae
1397 1473 1516 1504 cauae
1551 1462 1763 1515 inferioris,
1780 1464 1888 1517 quod

773 1528 879 1569 inter
913 1525 1126 1567 valuulam
1163 1518 1457 1570 EVSTACHII
1493 1536 1532 1567 et
1563 1538 1701 1567 arcum
1753 1529 1890 1568 conti-

778 1600 929 1640 netur,
963 1599 1004 1630 et
1040 1591 1079 1631 in
1118 1587 1248 1629 sinum
1285 1591 1478 1643 dextrum
1516 1589 1610 1632 hiat.
1659 1590 1896 1641 Sinistrum,

773 1658 883 1708 quod
919 1657 1024 1695 inter
1057 1652 1160 1694 basin
1197 1652 1381 1693 valuulae
1418 1654 1522 1695 sinus
1556 1654 1699 1695 sinistri
1734 1666 1774 1694 et
1825 1667 1893 1694 ar-

777 1731 870 1759 cum
904 1720 1194 1767 continebatur,
1228 1718 1288 1757 [eu
1325 1719 1504 1757 foramen
1540 1717 1894 1769 ouale,diffe6tum
1953 1711 1959 1716 ”

772 1781 828 1820 est
859 1791 900 1821 et
932 1782 1190 1822 destructum.

693 1856 733 1895 7.
769 1842 890 1885 Vena
924 1856 1020 1885 caua
1057 1856 1127 1897 per
1164 1844 1286 1896 hepar
1319 1843 1559 1884 adscendens.

696 1915 735 1951 8.
759 1915 798 1952 8.
834 1906 954 1948 Duae
990 1920 1139 1960 partes,
1160 1907 1199 1947 in
1236 1919 1330 1958 quas
1356 1907 1537 1947 diffcc‘tns
1555 1906 1697 1947 ductus
1717 1906 1895 1949 venosus.

695 1989 737 2026 9.
758 1989 798 2026 9.
836 1972 954 2013 Duae
992 1983 1132 2024 partes,
1167 1973 1205 2011 in
1241 1983 1334 2024 quas
1367 1970 1546 2012 diffccms
1580 1981 1716 2012 ramus
1745 1982 1795 2010 cx
1825 1970 1898 2012 lic-

786 2046 908 2090 pate‚
944 2048 1067 2077 venae
1101 2046 1217 2076 cauae
1253 2037 1435 2077 insertus.

705 2112 770 2143 ιο.
806 2099 1022 2141 Orificium
1059 2098 1225 2140 alterius
1262 2101 1397 2152 magni
1424 2098 1526 2139 rami
1552 2097 1723 2153 hepatici
1759 2093 1900 2153 (quod

787 2163 894 2206 haud
931 2162 1036 2206 male
1070 2163 1247 2207 alterurn
1283 2167 1464 2207 foramen
1504 2164 1621 2206 ouale
1669 2163 1867 2216 exprimit
1889 2191 1900 2212 ,

1757 2236 1878 2280 quem
