2012 2724
385 943 534 976 Pertniet
549 938 588 973 ad

389 992 533 1024 vahnssas

591 248 680 290 ³92
877 226 968 286 *DE
1007 224 1323 271 PORAMINE
1356 225 1554 269 ovm.

593 359 684 388 rum
721 344 819 385 alter
852 341 1058 384 dexterior
1093 342 1376 395 superiorque,
1409 339 1510 382 alter
1546 339 1712 381 inferior
1739 351 1780 382 et
1811 344 1864 384 si-

593 411 777 452 nisterior
811 409 874 447 cii.
940 403 1024 447 Ora
1067 416 1248 446 extrema
1301 418 1400 447 vero
1452 405 1573 455 tubi,
1623 406 1691 446 vbi
1730 406 1864 452 ,libera

591 477 664 515 esse
707 472 849 513 desinit
901 472 976 523 (7.
1018 474 1152 520 ια),
1203 479 1481 512 extremitates
1532 469 1686 523 aliquas
1737 471 1867 522 magis

594 537 838 593 produci-is,
871 538 934 576 seu
972 534 1139 588 ipeciem
1185 536 1364 588 aliquam
1417 535 1728 577 corniculorum
1776 535 1866 577 effi-

591 605 646 643 cit
681 606 765 647 (w.
803 605 906 654 quod
942 599 1134 652 superius,
1156 603 1216 642 sed
1253 597 1585 653 lamella‘potius
1617 600 1686 650 est,
1717 608 1759 639 et
1775 610 1865 650 azy.

592 669 698 722 quod
734 667 896 706 interius
930 665 1051 715 est);
1083 668 1130 704 de
1165 668 1306 716 quitus
1341 675 1472 703 tamen
1510 669 1758 714 notandum,
1793 677 1870 705 ne·-

591 744 668 786 que
701 742 810 781 vera,
829 730 958 783 quoad
981 728 1173 780 figuram,
1191 728 1410 775 cornicula,
1433 739 1577 780 neque,
1616 728 1698 770 fiue
1729 737 1867 769 extre-

595 799 756 838 mitates
792 796 1030 840 vocaueris,
1065 795 1254 832 vaiuulae
1277 824 1288 840 ,
1339 791 1398 833 sed
1438 791 1555 832 lolius
1587 804 1678 834 orae
1726 803 1868 834 extre·

598 873 688 902 mae
737 858 804 899 vel
840 858 1115 898 extremitates
1149 857 1215 898 vel
1253 856 1456 898 cornicula
1490 856 1578 897 esse.

753 957 786 999 ξ.
827 967 896 1003 3ο.
936 953 1036 994 Dixi
1073 954 1111 993 in
1148 955 1409 1007 superioribus
1434 985 1446 1005 ‚
1499 954 1725 996 maximam
1778 951 1869 993 val-

390 1042 562 1075 aziniiliies
604 1021 737 1062 vulac,
754 1018 861 1060 finus
895 1019 1037 1060 sinistri
1075 1031 1170 1058 cum
1210 1018 1364 1058 venosis
1399 1018 1574 1057 valuulis
1607 1020 1737 1059 cordis
1757 1017 1873 1058 simi-

388 1091 408 1125 s.
449 1091 580 1127 tubulo-
606 1085 819 1125 litudinem
857 1084 939 1124 effe.
995 1084 1098 1122 Haec
1139 1082 1244 1122 milii
1279 1092 1519 1134 argumenta
1554 1084 1669 1122 sunt:
1713 1079 1874 1133 1)Val-

391 1142 449 1176 ΩΒ.

603 1150 701 1190 vulzi
742 1145 844 1186 sinus
880 1146 1018 1186 sinistri
1042 1176 1054 1195 ‚
1084 1157 1130 1186 vt
1168 1151 1330 1185 venoiae
1361 1147 1516 1193 cordis,
1550 1144 1752 1192 tubulosa,
1787 1141 1873 1192 vel,

601 1217 702 1266 quod
736 1211 841 1251 idem
865 1241 875 1260 ,
925 1209 1131 1250 annularis
1164 1206 1248 1258 est,
1301 1213 1423 1248 modo
1458 1219 1503 1248 vt
1535 1207 1664 1248 altero
1699 1212 1768 1246 luo
1802 1219 1874 1259 pa-

601 1278 702 1318 riete
738 1276 932 1330 proximo
967 1273 1072 1315 sinus
1108 1272 1250 1328 parieti
1287 1272 1431 1312 adhaer
1456 1281 1527 1321 at,
1560 1284 1654 1313 cum
1692 1269 1733 1310 in
1775 1283 1875 1310 ven-

605 1341 763 1383 triculis
803 1341 932 1381 cordis
986 1339 1171 1379 valuulae
1219 1337 1534 1390 circumquaque
1587 1336 1730 1377 liberae
1784 1333 1876 1374 sint.

609 1409 652 1456 2)
683 1405 819 1446 Simili
857 1404 978 1443 modo
1010 1404 1081 1444 toti
1113 1401 1272 1444 orificio
1307 1415 1430 1442 venae
1465 1414 1583 1442 cauae
1605 1430 1619 1452 ,
1664 1410 1742 1451 quo
1777 1395 1874 1439 haec

606 1471 646 1511 in
686 1470 816 1511 sinum
856 1468 1057 1509 sinistrum
1093 1468 1178 1508 hiat
1203 1498 1214 1518 ,
1272 1465 1451 1519 basis-sua
1503 1465 1643 1507 insidet
1679 1461 1878 1513 valuula,

609 1535 814 1589 similique
848 1537 971 1573 modo
1003 1534 1209 1575 orificium
1245 1535 1358 1572 suum
1393 1531 1449 1571 sui
1484 1527 1786 1573 continuatione
1809 1527 1875 1566 in-

610 1601 759 1649 vestit,
795 1611 837 1638 ac
875 1597 1064 1638 valuulac
1097 1596 1230 1638 cordis
1275 1595 1446 1636 orificiis
1497 1594 1685 1644 venosi5‚
1738 1592 1877 1641 (quae

606 1665 882 1705 auricularum
919 1674 1078 1716 quoque
1114 1659 1269 1701 orifitia
1307 1662 1395 1701 sunt
1417 1688 1428 1709 ‚
1463 1661 1606 1714 quibus
1641 1659 1681 1699 in
1716 1652 1878 1697 ventri-

609 1727 723 1768 culos
757 1727 905 1774 hiant)
939 1725 1138 1773 insident,
1178 1737 1222 1764 ac
1259 1725 1313 1764 sui
1368 1726 1671 1765 continuatione
1720 1718 1879 1760 orificia

610 1793 753 1832 venosa
787 1791 1024 1839 inuestiunt3
1057 1801 1097 1828 et
1134 1787 1259 1829 simili
1296 1789 1466 1839 denique
1509 1787 1630 1828 modo
1681 1793 1722 1824 et
1775 1782 1881 1822 sinus

613 1856 778 1897 valuula
814 1865 855 1894 et
890 1854 1019 1895 cordis
1056 1852 1272 1905 valiiuliie,
1321 1851 1387 1892 illa
1430 1852 1469 1891 in
1522 1852 1660 1897 sinus,
1713 1847 1784 1887 hae
1835 1847 1879 1887 in

613 1919 938 1961 ventriculorum
973 1916 1459 1972 cauitatc=,exporrc6tae
1493 1925 1692 1956 tenentur.
1730 1909 1878 1961 aiDe-

615 1986 734 2038 nique
769 1982 922 2024 ranerio
955 1993 1112 2035 quoque
1150 1983 1252 2022 sinus
1283 1993 1323 2022 et
1359 1980 1492 2022 cordis
1526 1977 1706 2020 valuulis
1737 1975 1877 2018 eadem

612 2059 653 2090 et
687 2049 825 2089 eodem
866 2050 990 2089 modo
1027 2049 1243 2100 peragenda
1294 2047 1360 2088 est.
1442 2043 1557 2086 Dum
1611 2042 1723 2084 enim
1774 2039 1881 2080 sinus

615 2113 844 2154 contractus
879 2111 1106 2163 sanguinem
1144 2117 1256 2152 inum
1292 2110 1570 2163 comprimit,
1621 2107 1688 2148 hic
1733 2104 1880 2145 valun-

616 2176 696 2217 lam
719 2209 729 2226 ‚
768 2177 942 2228 plurima
977 2186 1083 2229 parte
1120 2176 1285 2217 lberam
1340 2176 1494 2227 largam
1547 2182 1587 2215 ct
1637 2172 1881 2214 fluitarterm

616 2242 658 2282 in
691 2241 896 2283 orificium
934 2254 1055 2282 venae
1087 2253 1206 2282 cauae
1261 2241 1488 2295 reprimit,
1536 2248 1576 2278 et
1625 2233 1883 2287 complicat,

1751 2308 1880 2350 eoque
