2012 2724
296 205 753 255 POLYGONORVM
790 202 1306 256 REchLxNEORVM.
1358 223 1443 264 107

171 325 274 379 gulo
307 328 343 369 A
367 325 453 368 BC
486 323 656 378 angulus
691 322 725 364 B
760 333 810 363 cx
844 320 1035 365 lateribus
1071 325 1107 366 A
1132 325 1184 376 Β,
1219 325 1319 375 BC,
1354 325 1448 369 AC

173 393 255 432 iam
316 391 484 445 perfte'te
532 386 868 435 determinatur,
925 401 1000 440 pro
1052 390 1260 441 triangulo
1309 399 1447 432 autem

171 459 208 497 A
233 454 267 496 C
291 456 330 497 D
369 458 612 495 alterutrum
649 450 822 490 laterum
858 451 893 493 C
917 453 974 502 D,
1011 452 1051 492 D
1074 456 1109 492 A
1146 466 1199 492 cx
1245 452 1448 506 diagonali

170 518 216 560 A
239 520 273 562 C
305 528 346 561 et
378 518 507 556 altero
540 514 696 562 latere,
734 516 902 556 minime
938 515 1244 558 determinatur.

327 593 398 620 21.
435 577 636 618 Ponamus
674 591 748 632 pro
778 578 1051 632 quadrilatero
1089 579 1233 622 ABC
1255 579 1312 627 D,
1347 578 1449 621 late-

169 657 212 686 m
246 653 293 685 vt
330 654 422 684 ante
472 643 678 694 indigitati
729 644 908 692 litteris,
954 656 997 694 a,
1029 643 1071 694 h,
1103 658 1140 693 c,
1169 643 1226 694 d,
1277 644 1451 697 angulos

168 708 316 750 litteris
353 710 408 758 A,
443 706 493 754 Β,
527 708 576 756 C,
611 706 676 756 D,
709 708 963 760 diagonalem
1001 710 1037 749 A
1061 707 1094 750 C
1129 708 1263 749 littera
1298 719 1319 747 e
1375 719 1455 749 ex·-

168 772 325 827 primi‚
355 770 523 822 angulos
559 783 659 811 vero
695 771 868 819 Bel),
906 773 941 812 Α
963 771 996 812 C
1018 770 1060 809 D
1095 784 1166 824 per
1202 771 1357 812 litteras
1394 785 1452 827 Ύ,

173 831 240 892 γ’.
305 834 348 877 Si
384 836 518 886 itaque
548 835 792 888 quaerendae
826 833 903 875 sint
939 833 1184 885 solutiones,
1234 845 1334 887 quas
1366 834 1453 874 dia-

174 898 332 952 gonalis
364 911 384 937 e
432 897 500 938 vel
554 899 692 951 anguli
752 911 810 952 γ,
844 895 896 951 ’γ’
950 897 1271 950 ingrediuntur,
1320 897 1453 938 statim

173 973 283 1019 patet
315 963 404 1004 bina
446 974 586 1003 earum
640 975 786 1014 genera
842 962 1032 1002 constitui
1086 961 1223 1015 poffe,
1273 972 1452 1015 quorum

176 1028 290 1082 prius
325 1027 508 1068 continet
541 1038 603 1067 cas
635 1027 858 1068 solutiones
883 1056 895 1076 ‚
940 1037 1036 1080 quas
1070 1024 1294 1079 diagonalis
1325 1037 1346 1065 e
1387 1026 1457 1065 in-

177 1093 389 1144 greditur,
426 1092 624 1145 posterius
658 1091 745 1132 illas
779 1092 820 1131 in
856 1091 998 1145 quibus
1032 1103 1113 1131 non
1152 1090 1317 1143 quidem
1360 1086 1456 1129 haee

178 1155 432 1208 diagonalis,
480 1157 542 1197 sed
581 1166 716 1195 tamen
770 1155 841 1194 vel
892 1166 1105 1207 vterque,
1142 1153 1208 1194 vel
1260 1153 1456 1193 alteruter

176 1219 426 1271 angulorum
460 1232 516 1272 γ,
552 1216 604 1273 ’γ’
640 1218 853 1271 reperitur.
929 1218 1010 1258 Pro
1044 1217 1171 1271 priori
1205 1228 1348 1268 genere
1380 1216 1456 1256 ob-

176 1285 420 1324 seruandum
455 1283 538 1331 est,
571 1283 769 1333 angulum
806 1281 850 1321 A
887 1283 1042 1338 semper
1073 1293 1153 1321 vna
1184 1291 1281 1320 cum
1314 1280 1456 1330 diago-

179 1347 264 1385 nali
300 1348 340 1385 in
374 1345 572 1386 solutione
604 1346 725 1385 adesse
758 1345 929 1397 debere3
977 1358 1105 1400 quum
1139 1345 1251 1385 enim
1288 1344 1457 1385 solutio-

179 1420 274 1447 nem
311 1410 375 1446 sex
409 1409 581 1447 omnino
615 1420 743 1461 partes
779 1411 1089 1460 ingrediantur,
1122 1419 1161 1449 et
1196 1420 1336 1451 earum
1361 1418 1457 1461 par-

181 1472 290 1509 tium
328 1481 427 1522 quae
463 1472 509 1509 ad
552 1472 752 1521 triangula
799 1476 833 1510 A
857 1469 968 1518 BC,
1019 1471 1173 1511 ACD
1224 1473 1460 1522 pertinent,

181 1545 261 1574 non
299 1533 371 1573 nist
408 1546 486 1574 tres
526 1547 733 1575 occurrffe
786 1534 962 1586 pessint,
1014 1546 1186 1586 quarum
1241 1533 1321 1572 iam
1378 1543 1459 1571 vna

178 1596 352 1637 habetur
383 1598 606 1648 diagonalis
641 1599 680 1636 A
702 1598 736 1637 C
770 1598 935 1648 Vtrique
972 1597 1176 1648 triangulo
1205 1597 1458 1646 communis,

182 1662 432 1712 intelligitur
467 1670 627 1712 practer
662 1659 761 1699 hanc
800 1669 955 1711 partem
1007 1660 1118 1700 binas
1172 1669 1332 1699 tantum
1383 1670 1462 1699 oc-

184 1736 344 1767 currere
378 1723 514 1775 posse,
567 1723 612 1762 ad
646 1724 966 1776 vuumquudque
1013 1722 1272 1774 triangulum
1324 1723 1461 1775 perti—

184 1798 356 1836 nentc53
391 1798 514 1841 quare
550 1789 748 1828 necessum
787 1786 839 1826 est
873 1798 918 1827 vt
954 1788 1092 1828 saltem
1127 1788 1231 1828 sexta
1269 1798 1357 1840 pars
1394 1798 1460 1826 re-

186 1852 399 1906 periatur,
446 1862 546 1903 quae
599 1852 646 1891 ad
695 1862 888 1892 neutrum
947 1850 1098 1891 horum
1158 1851 1460 1900 triangulorum

185 1915 425 1968 pertineat,
474 1916 704 1955 cuiusmodi
754 1917 808 1957 est
858 1916 1030 1966 angulus
1085 1913 1129 1954 A
1164 1912 1230 1954 vel
1264 1914 1310 1955 C.
1381 1913 1462 1953 Pro

187 1977 397 2032 posteriori
432 1987 569 2018 autem
603 1989 745 2029 genere
768 2011 779 2029 ,
831 1992 911 2019 non
945 1981 1106 2020 videtur
1137 1977 1239 2018 hanc
1273 1977 1461 2028 regulam

187 2043 261 2081 esse
298 2039 567 2083 stabiliendam
590 2071 603 2090 ,
655 2053 703 2082 vt
735 2042 906 2096 angulus
942 2042 986 2083 A
1024 2043 1090 2083 vel
1130 2042 1164 2083 C
1217 2042 1460 2082 mintionem

188 2109 346 2158 semper
382 2105 664 2156 ingrediatur,
717 2106 769 2147 sic
806 2107 965 2148 nullum
1002 2107 1164 2159 quidem
1200 2105 1252 2144 est
1292 2105 1460 2147 dubium

188 2170 295 2212 inter
347 2167 416 2210 has
469 2170 534 2212 sex
577 2181 707 2224 partes
735 2183 774 2223 α,
806 2171 844 2219 b,
875 2184 913 2220 c,
944 2170 982 2223 d,
1017 2184 1072 2227 Ὑ,
1106 2170 1148 2211 D
1182 2171 1461 2223 aequationem

831 2234 870 2274 O
906 2248 930 2274 2
1344 2235 1460 2275 inue-
