2012 2724
325 191 415 234 AD
449 185 854 234 RELATIONEM
889 183 1328 235 PLANETARVM.
1386 200 1476 243 513

202 304 434 350 obnoxiam.
525 305 664 346 Tanto
714 303 851 344 minus
884 304 1014 356 igitur
1050 305 1254 359 praetendi
1297 301 1483 360 poterit,‘

204 371 352 412 orbitas
390 373 648 425 planetarum
684 369 862 423 respectu
903 370 1116 425 eclipticae
1166 371 1334 412 eandem
1386 383 1482 426 per-

205 446 332 488 petuo
390 435 700 476 inclinationem
754 436 1003 476 conseruare.
1101 433 1146 476 Si
1195 435 1308 476 enim
1360 434 1480 477 hodie

204 499 394 552 ecliptica
430 501 534 541 vltra
571 513 626 539 20
663 499 820 539 minuta
859 499 993 550 prima
1027 513 1050 541 a
1085 497 1162 540 situ
1197 511 1318 553 quem
1368 509 1478 541 tem-

204 575 304 617 pore
338 562 563 618 Hipparchi
600 563 728 602 tenuit
763 563 912 604 recessit
941 593 955 614 ,
1005 575 1089 619 quo
1122 565 1213 607 iure
1265 562 1481 618 quisquam

203 628 410 671 affirmare
463 628 644 682 poterit,
695 627 1002 669 inclinationem
1037 627 1265 670 orbitarum
1298 627 1482 681 planeta-

204 702 300 732 rum
355 693 537 746 respectu
597 690 807 744 eclipticae
861 693 943 733 illis
1000 691 1254 748 temporibus
1310 694 1480 737 eandem

201 756 346 809 fuisse,
378 768 526 810 quanta
558 755 679 797 hodie
711 753 982 799 observatur?

352 854 387 905 §.
428 866 464 902 5.
501 852 612 907 Quae
645 865 738 893 cum
774 854 828 894 ita
869 852 979 904 sint,
1029 852 1148 894 facile
1199 850 1483 907 intelligitur,

203 925 332 968 neque
375 929 426 958 ex
474 917 817 956 obieruationibus
867 927 994 967 neque
1042 917 1168 954 etiam
1220 927 1274 956 ex
1327 915 1486 957 theoria

202 981 423 1031 quidquam
483 980 584 1019 certi
629 979 732 1018 circa
771 988 936 1018 motum
973 979 1175 1018 nodorum
1221 988 1262 1020 et
1319 978 1489 1021 inclina-

206 1042 359 1083 tionem
398 1044 622 1085 orbitarum
660 1043 913 1096 planetarum
948 1044 1132 1094 cognosci
1167 1052 1209 1083 et
1228 1044 1341 1084 flatui
1362 1043 1488 1098 posse,

201 1111 397 1160 quamdiu
433 1107 527 1149 haec
562 1106 766 1148 elementa
801 1107 848 1146 ad
881 1107 1087 1146 circulum
1121 1108 1162 1147 iu
1196 1107 1312 1148 coelo
1347 1117 1486 1149 tanto·

201 1181 302 1223 pere
337 1171 569 1212 variabilem
593 1195 606 1216 ,
638 1169 769 1221 qualis
800 1171 854 1210 est
887 1169 1097 1222 ecliptica,
1129 1172 1383 1212 referunturt
1417 1172 1484 1214 sed

205 1235 379 1276 omnino
414 1233 560 1273 necefle
594 1233 694 1284 effe,
749 1244 795 1273 vt
828 1245 874 1274 ea
926 1244 1124 1287 perpetuo
1176 1235 1223 1274 ad
1274 1234 1483 1278 circulum

206 1301 404 1349 quendam
443 1296 578 1338 fixum
632 1298 672 1338 in
705 1298 852 1348 coelo,
902 1299 968 1351 qui
1000 1302 1119 1340 omni
1152 1308 1339 1353 ternpore
1370 1312 1481 1342 eun-

205 1360 299 1401 dem
337 1362 456 1404 fitum
491 1362 732 1412 obtinuerit,
752 1364 1017 1414 reducantur3
1039 1365 1361 1418 quandoquidem
1385 1364 1481 1408 hinc

205 1426 377 1467 demum
413 1426 601 1467 concludi
640 1428 766 1480 potest
792 1457 804 1478 ,
847 1437 1045 1480 quantum
1101 1429 1228 1469 lineae
1278 1433 1481 1472 nodorum

205 1490 324 1542 super
360 1492 433 1534 tali
471 1490 635 1532 circulo
669 1492 817 1533 tuerint
852 1502 1063 1545 promotae
1097 1502 1139 1533 et
1173 1504 1364 1546 quantam
1402 1507 1479 1535 va-

206 1554 426 1596 riaiionem
464 1555 671 1602 inclinatio
697 1559 850 1598 orbitae
882 1557 1078 1610 cuiusque
1098 1558 1278 1612 planetae
1298 1558 1478 1612 respec‘tu

205 1619 384 1661 eiusdem
419 1621 564 1662 circuli
600 1620 648 1662 sit
668 1621 778 1675 passa.
835 1624 974 1677 Atque
1010 1623 1108 1663 adeo
1139 1621 1238 1664 hanc
1279 1623 1481 1665 necestita-

206 1689 291 1722 tem
328 1685 408 1724 iam
444 1685 629 1726 nonnulli
670 1685 840 1740 insignes
862 1685 1124 1740 Geometrae,
1157 1687 1227 1738 qui
1251 1685 1326 1726 hoc
1347 1687 1480 1742 ipsum

205 1755 499 1797 argumentum
541 1751 706 1792 tractare
749 1755 839 1791 lunt
881 1752 1047 1803 aggressi
1072 1781 1085 1801 ‚
1134 1762 1394 1804 agnouerunt
1440 1761 1481 1794 et

206 1819 462 1862 aequatorem
500 1814 668 1864 solarem
707 1818 1032 1870 proposuerunt,
1080 1817 1128 1856 ad
1170 1828 1299 1870 quem
1332 1828 1480 1870 perpe·

208 1881 281 1928 tuq
311 1877 465 1919 orbitae
501 1879 751 1932 planetarum
790 1883 1025 1923 referantur.
1092 1879 1203 1922 Cum
1234 1891 1376 1922 autem
1409 1884 1475 1922 iu·

207 1948 278 1992 per
313 1940 390 1982 hoc
422 1954 637 1995 aequatore.
671 1945 785 1987 solari
825 1945 1059 1998 Astronomi
1095 1946 1273 1985 nondum
1308 1944 1385 1997 sint
1419 1946 1476 1985 sa-

207 2003 262 2045 tis
292 2010 390 2045 certi
423 2015 463 2045 et
500 2007 744 2050 introductio
778 2010 868 2052 talis
904 2009 1131 2063 circuli-ab
1162 2008 1348 2061 ecliptica
1386 2019 1477 2049 tain-

152 2094 156 2097 »
208 2076 349 2119 topere
382 2069 529 2110 diuersi
563 2070 740 2114 calculos
777 2075 954 2116 nimium
994 2071 1178 2113 molestos
1228 2072 1478 2127 postularet,

205 2133 348 2187 quibus
381 2145 480 2186 opus
514 2134 606 2175 effet
640 2139 686 2176 ad
734 2135 818 2180 loca
867 2140 1122 2196 planetarum
1173 2136 1375 2190 obseruata
1425 2150 1478 2180 eo

272 2197 512 2242 Tom.XX.
523 2197 812 2245 Nemeorum.
1026 2201 1064 2243 T
1082 2210 1099 2242 t
1115 2208 1134 2243 t
1348 2203 1479 2245 redu-
