2012 2724
560 233 622 285 3⁶
962 227 1079 279 *ἐξὲξ
1113 222 1135 278 (
1168 233 1198 265 0
1229 221 1245 281 )
1276 223 1394 277 2323«-

555 347 687 390 trium
729 340 976 398 punetorum
998 372 1009 392 ,
1043 339 1327 394 quadrantibus
1364 340 1468 381 inter
1504 337 1538 381 se
1577 337 1827 387 distantium

558 408 780 454 Praemissus
814 408 949 460 itaque
982 406 1045 447 his
1084 403 1406 446 meditationibus
1430 435 1442 455 ,
1475 401 1706 445 Tlieorema
1727 406 1825 448 istud

556 477 623 518 cui
661 473 871 528 praecipue
908 470 992 511 heic
1029 470 1208 510 intentus
1260 469 1312 509 est
1337 499 1347 518 ‚
1398 468 1662 519 adgreditur;
1711 469 1831 512 cuius

557 540 726 594 quidem
755 535 963 591 duplicem
1001 534 1092 574 heic
1126 535 1250 574 adfert
1283 534 1682 580 demonstrationem,
1712 534 1828 589 prio-

555 616 645 646 rem
679 598 981 644 Geometricam
1003 625 1015 646 ,
1050 598 1216 639 alteram
1253 598 1507 648 Analyticam
1544 597 1690 649 magis,
1729 609 1829 650 quae

556 678 691 710 tamen
729 664 920 718 posterior
955 674 1034 702 non
1070 661 1228 714 prorsus
1261 661 1338 701 rite
1369 660 1436 700 sibi
1469 659 1640 701 constare
1684 661 1830 715 potest,

554 731 631 774 nisi
667 741 718 770 ex
751 726 1100 780 contemplatione
1152 723 1304 775 figurae
1360 722 1588 776 nonnulla,
1637 735 1737 776 quae
1786 727 1829 768 in

554 796 638 849 ipsa
671 790 881 833 desiderari
920 789 1106 842 possent,
1141 787 1413 841 suppleantur.
1495 787 1567 827 His
1618 799 1717 830 vero
1757 790 1831 832 de-

557 854 916 901 monstrationibus
953 851 1166 892 nonnullas
1196 852 1374 903 egregias
1413 852 1697 904 proprietates,
1731 864 1832 907 quae

558 921 759 979 punctum
795 918 894 959 istud
929 917 974 958 ad
1011 915 1132 956 situm
1170 915 1372 956 initialem
1409 916 1559 956 rediens
1594 916 1830 969 respiciunt,

560 985 816 1040 explicandas
849 981 1036 1031 censuit3
1087 991 1257 1033 tumque
1307 981 1478 1021 demum
1531 980 1699 1021 ostendit
1749 993 1832 1036 quo

562 1055 686 1092 modo
719 1060 769 1089 ex
803 1048 892 1088 data
923 1044 1104 1086 distantia
1141 1044 1260 1084 huius
1298 1043 1436 1097 pun-sti
1469 1057 1491 1084 a
1547 1045 1671 1084 tribus
1724 1058 1831 1099 pun-

560 1114 635 1157 ἂίε
669 1111 900 1167 sphaerae,
948 1108 1231 1162 quadrantibus
1267 1109 1371 1150 inter
1406 1110 1441 1149 se
1483 1108 1745 1160 distantibus,
1794 1116 1836 1150 et

559 1177 713 1229 angulo
745 1189 827 1229 quo
859 1173 1069 1216 conuersio
1101 1172 1288 1225 sphaerae
1323 1172 1418 1213 fasta
1452 1172 1504 1213 est
1529 1201 1540 1222 ,
1577 1185 1648 1225 per
1676 1175 1833 1214 sormu-

558 1241 615 1282 las
648 1241 737 1281 satis
770 1240 979 1281 concinnas
1010 1238 1266 1290 exprimatur
1299 1236 1506 1278 translatio
1555 1238 1831 1291 cuiuscunque

560 1305 702 1361 puncti
738 1303 780 1343 in
815 1301 1023 1357 superficie
1054 1302 1238 1355 sphaerae
1260 1330 1272 1350 ‚
1327 1311 1500 1353 quarum
1552 1301 1825 1340 formularum

559 1370 605 1409 ad
641 1366 943 1408 translationem
985 1376 1268 1420 quamcunque
1319 1372 1541 1418 corporum
1594 1359 1843 1417 rigidorum'

557 1432 682 1474 facilis
713 1431 767 1473 cst
802 1430 1035 1486 applicatio.

1143 1535 1246 1595 IV.

560 1653 784 1735 Regula
829 1650 1043 1723 facilia,
1090 1670 1195 1732 pro
1247 1646 1606 1708 diiudicanda
1658 1647 1828 1712 firmi-

561 1742 763 1801 mitate
807 1739 997 1819 pontis
1037 1737 1244 1794 aliusue
1299 1736 1549 1815 corporis
1602 1733 1826 1812 similia,

719 1845 796 1884 ex
841 1824 1073 1903 cognita
1117 1817 1383 1880 firmitate
1429 1818 1664 1878 moduli.

700 1937 962 2002 Aii&0re
1009 1937 1075 1997 L.
1120 1938 1332 1999 Eulero
1375 1954 1505 2017 pag.
1561 1954 1681 2012 271.

558 2057 634 2176 In
667 2070 739 2113 hac
772 2070 1043 2112 dissertatione
1077 2052 1146 2111 Ill.
1181 2066 1320 2110 Eulero
1356 2067 1609 2121 propositum
1653 2067 1708 2109 est
1759 2067 1824 2109 in-

644 2137 834 2185 vestigare
859 2163 871 2185 ‚
905 2146 1080 2185 quonam
1118 2132 1326 2173 firmitatis
1356 2133 1481 2183 gradu
1518 2130 1704 2172 modulus
1723 2143 1823 2185 pon·

563 2196 613 2239 tis
644 2198 799 2241 aliusue
831 2199 1011 2254 corporis
1047 2197 1189 2240 similis
1219 2198 1420 2253 praeditus
1454 2195 1525 2238 esse
1558 2193 1725 2247 debeat,
1774 2203 1822 2234 vt

1742 2257 1822 2313 ipse
