2012 2724
509 209 605 258 446

819 194 1048 242 LYCHNI
1068 218 1085 226 -
1106 192 1460 241 CVCVBALVS

698 314 760 357 nis
791 311 1007 364 negotium
1041 309 1185 354 habere
1221 308 1428 351 influxum
1454 340 1467 362 ,
1517 308 1590 351 nisi
1635 310 1776 365 fingu-

692 379 768 420 lari
810 377 942 430 aliqua
991 378 1109 419 causa
1143 372 1247 429 (a),
1299 388 1338 416 v.
1391 386 1430 426 g.
1474 375 1704 418 viuentium
1753 389 1776 418 a

693 441 806 485 recto
848 441 1014 482 tramite
1063 440 1331 482 declinatione
1378 452 1423 481 ac
1472 440 1777 492 degeneratione

693 505 960 562 peruersaque
992 517 1039 546 ac
1083 504 1309 545 labes-aetam
1341 515 1486 546 eorum
1521 514 1664 545 natura
1697 515 1773 548 etc,

692 569 798 612 illud
847 569 1134 623 aequilibrium
1190 570 1410 621 turbetur5
1464 582 1534 609 nec
1583 569 1773 610 strictiori

692 635 800 676 sensu
837 646 984 675 verum
1022 644 1140 688 atque
1172 632 1386 674 fundatum
1418 632 1493 673 effe
1521 632 1778 675 decantatum

695 697 800 741 illud
832 699 995 740 axioma
1019 727 1032 750 ‚
1064 697 1170 752 quod
1209 708 1353 739 omnes
1406 696 1636 750 plantarum
1688 697 1779 738 ani-

693 763 926 805 maliumue
967 762 1040 804 vel
1095 761 1343 803 naturalium
1391 760 1460 801 vel
1513 761 1778 813 hybridarum

695 836 855 879 parm,
888 837 989 879 quae
1018 826 1067 867 ad
1102 826 1154 868 fic
1191 826 1344 868 dic‘tam
1377 824 1614 865 corticalem
1633 837 1775 866 earum

695 890 950 931 substantiam
986 890 1193 943 spectant,
1230 900 1252 928 a
1291 897 1435 941 patre,
1483 899 1551 929 eae
1603 901 1626 936 e
1677 901 1779 929 con-

699 953 858 1002 trario,
898 962 998 1005 quae
1045 953 1093 992 ad
1147 950 1414 993 medullarem
1471 953 1710 1005 pertinent,
1755 964 1779 993 a

698 1025 831 1057 matre
865 1015 982 1055 vnice
1016 1024 1158 1057 ortum
1201 1016 1318 1053 suum
1371 1016 1549 1067 ducant3
1598 1015 1780 1067 alioquin

697 1078 865 1132 hybrida
901 1078 1063 1127 nostra,
1112 1087 1157 1118 'vt
1189 1075 1546 1128 hermaphroditus
1597 1078 1780 1131 plenisfi-

698 1154 791 1183 mus
823 1153 866 1181 ac
902 1141 1236 1188 consummatuS,
1289 1139 1442 1178 corolla
1476 1140 1597 1180 faucis
1629 1153 1776 1182 corona

695 1208 888 1255 carente,
926 1201 1232 1256 flaminibusque
1273 1201 1470 1243 Cucubali
1520 1204 1659 1244 viscosi
1713 1207 1783 1246 in-

697 1270 773 1314 star
819 1267 1016 1323 elongatis
1076 1278 1121 1308 ac
1180 1277 1275 1309 vere
1324 1268 1650 1319 pentadynami'is
1679 1298 1692 1316 ‚
1739 1275 1781 1309 et

697 1334 874 1388 quinque
909 1330 1161 1388 potissimum
1203 1329 1421 1382 Lychnidis
1473 1330 1622 1373 dioicae
1672 1331 1785 1384 stylis

698 1399 963 1450 germineque
990 1393 1175 1439 examore
1222 1406 1266 1437 ac
1314 1392 1519 1438 obtusiore
1564 1396 1656 1438 inde
1707 1407 1783 1438 ex-

698 1459 935 1506 surrexisset.

573 1567 633 1612 11.
666 1568 769 1613 Dari
805 1568 1045 1620 interdum,
1078 1567 1274 1611 rariffime
1310 1567 1439 1621 licet,
1484 1567 1635 1623 plantas
1665 1569 1784 1622 bige-

702 1645 817 1675 nercs
848 1630 1074 1683 diuersique
1108 1633 1275 1681 ordinis,
1299 1635 1488 1674 foecunda
1521 1634 1784 1687 copulatione

698 1697 805 1738 inter
839 1697 875 1739 se
910 1694 1124 1746 iungendas
1145 1722 1157 1743 ‚
1191 1696 1366 1739 mirabili
1421 1697 1582 1749 Lyclini
1604 1719 1621 1727 -
1644 1697 1785 1740 Cucu-

695 1758 773 1804 bali
808 1759 931 1801 nostri
965 1758 1170 1815 exemplo,

572 1859 657 1910 ΠΙ.
694 1860 891 1907 Fi-ustrari
924 1876 945 1904 c
978 1862 1186 1905 contrario
1223 1860 1360 1915 plures
1396 1875 1447 1903 ex
1491 1863 1782 1913 congeneribus

700 1927 767 1969 vel
808 1928 1057 1984 bigeneribus
1107 1926 1217 1970 felici
1269 1927 1474 1977 successu,
1524 1928 1778 1982 proximiore

1626 1988 1780 2043 longe,

590 2153 675 2206 (a)
702 2156 775 2190 Vid.
803 2156 912 2202 opusc.
941 2169 1045 2196 mcor.
1073 2157 1246 2193 veri-acula
1275 2159 1382 2203 lingua
1408 2158 1623 2204 conscriptor,
1677 2152 1779 2190 Fors.

707 2203 765 2241 der
790 2206 871 2242 vorl.
906 2208 1035 2245 Naciu.
1064 2212 1092 2254 §.
1122 2215 1180 2247 26.
1208 2211 1242 2244 it.
1269 2209 1366 2244 dritte
1394 2208 1495 2244 Fons.
1525 2208 1554 2256 §.
1582 2218 1639 2248 47·
1667 2213 1702 2241 et
1724 2209 1779 2249 >6-
