2012 2724
519 131 744 178 POers'
766 131 848 175 Ex
884 128 1153 179 MODVLO.
1416 142 1469 180 28
1482 151 1501 187 s

218 250 339 308 Quod
384 249 411 290 s1
448 249 556 291 enim
587 248 674 289 eius
712 248 915 300 impetum
954 248 1143 288 sustinere
1181 246 1334 300 valcat,
1373 252 1498 294 ctiam

218 317 315 358 certi
353 315 424 355 effe
463 314 717 369 poterimus,
757 311 889 364 ipsum
943 322 1112 364 pontem
1167 326 1186 353 a
1242 314 1312 355 tali
1369 327 1496 358 vento

218 381 381 422 nullum
423 381 618 420 damnum
655 376 728 416 esse
764 373 985 428 passurum.
1067 376 1176 418 Cum
1236 380 1347 420 enim
1407 383 1491 422 im..

215 444 347 500 pulsio
385 445 493 484 venti
529 441 707 482 eiusdem
763 440 984 492 superficiei
1035 441 1081 481 sit
1145 445 1462 496 proportionalis
1488 467 1499 487 ‚

215 511 380 563 ideoque
418 506 617 547 rationem
662 515 798 545 xznn
850 515 1015 554 teneat,
1069 506 1264 560 quoniam
1318 508 1495 550 firmitas

212 588 285 629 quai
323 582 446 613 vento
480 567 674 610 resistitur
709 571 876 611 eandem
914 571 1115 612 rationem
1154 572 1363 624 sequitur,
1402 586 1494 614 ma-

209 638 391 680 nifestum
424 635 476 674 est
500 664 510 683 ‚
544 634 700 688 ipsum“
716 645 880 685 pontem
927 637 1085 677 eosdem
1140 637 1254 677 venti
1310 640 1490 692 impetus

206 702 388 744 sustinere
422 699 527 750 poffe
550 731 561 750 ,
596 698 739 752 quibus
778 699 968 740 modulus
999 700 1172 742 resistcre
1231 701 1422 743 valuerit.

363 778 394 827 §-
433 790 506 827 23.
542 779 610 820 Sin
648 789 787 820 autem
825 781 926 822 forte
959 782 1116 823 ene'niat
1147 811 1159 832 ,
1189 792 1236 821 Vt
1273 792 1372 834 pons
1407 795 1488 825 non

202 843 290 885 satis
341 843 497 883 roboris
547 842 688 885 habere
739 844 1095 897 deprehendatur,
1148 854 1240 885 tum
1296 846 1382 884 eius
1420 847 1482 886 vis

201 917 325 948 vento
357 906 557 948 resistendi
593 907 704 947 facile
746 910 883 958 augeri
926 909 1112 962 poterit,
1157 907 1256 948 dum
1310 907 1487 951 latitudo

200 972 374 1012 trabium
433 973 564 1012 maior
611 973 874 1025 accipietur3
923 972 1133 1025 imprimis
1185 981 1323 1012 autem
1380 972 1484 1016 vtile

203 1037 310 1086 erit,
346 1036 458 1089 ponti
515 1039 553 1076 in
589 1047 767 1089 Vtroque
821 1038 1001 1078 termino
1053 1039 1252 1078 maiorem
1309 1037 1485 1083 tribuere

193 1100 449 1142 latitudinem
513 1113 636 1154 quam
687 1103 789 1142 circa
847 1101 1069 1152 medium,
1128 1109 1176 1141 vt
1227 1099 1304 1143 hoc
1359 1103 1482 1146 modo

195 1177 323 1206 vento
357 1164 463 1216 quasi
501 1165 696 1205 fornicem
737 1165 874 1207 offerat
902 1195 913 1215 ‚
964 1177 1045 1217 quo
1095 1164 1184 1204 eius
1236 1165 1475 1219 impulsioni

195 1230 334 1270 multo
369 1229 510 1268 fortius
543 1226 701 1269 resistat.
776 1229 860 1269 Vix
910 1239 1049 1271 autem
1102 1229 1197 1269 hinc
1249 1231 1469 1284 quicquam

197 1294 462 1332 metuendum
503 1293 696 1343 videtur,
728 1293 957 1335 dummodo
1001 1293 1158 1335 ratione
1200 1295 1346 1347 prioris
1397 1307 1471 1347 ge-

195 1357 299 1396 neris
332 1357 419 1396 sitis
451 1354 635 1396 habuerit
668 1358 850 1411 rebem,
888 1358 1008 1413 eique
1056 1359 1216 1415 insuper
1263 1359 1470 1403 sufficiens

193 1419 366 1462 latitudo
402 1421 613 1463 tribuatur.

715 2188 866 2239 Nn3
1360 2190 1444 2237 DE
