2012 2724
560 196 680 252 »ἐφ’ὃ
709 192 725 255 (
762 206 791 238 0
825 193 846 249 )
885 193 1002 249 ἔξω
1349 208 1410 252 aa

135 313 345 360 stitutione
393 310 591 357 tbrmulae
638 311 860 355 admodum
913 312 1094 370 prolixae
1152 310 1409 368 prodierint,

137 391 200 422 eas
236 380 504 422 concinniores
536 378 700 419 reddere
735 377 799 420 lll.
826 379 999 421 Audiori
1036 378 1171 419 visum
1205 377 1409 433 est,quod

136 444 217 494 fit,
248 445 370 485 ternis
406 443 546 484 axibus
580 444 620 483 in
653 441 747 496 ipsis
780 444 924 485 axibus
958 443 1141 498 corporis
1173 444 1412 498 principali-

136 510 204 550 bus
236 508 542 558 constituendo,
595 507 825 562 punctoque
862 508 935 550 illo
970 521 1044 563 pro
1077 507 1205 549 lubitu
1239 507 1412 550 affumto

133 573 174 614 in
210 572 296 626 ipso
328 584 476 616 centro
514 573 682 614 inertiae
714 571 1074 628 collocand03quo
1105 572 1209 615 facto
1241 573 1411 626 quidem.

130 638 333 679 firrmulae
370 640 508 680 minus
543 638 754 692 perplexae
785 640 1016 688 oriuntur,
1069 649 1120 679 ex
1169 637 1314 692 quibus
1349 649 1410 681 ta-

132 714 228 743 men
260 704 302 743 in
334 714 479 754 genere
513 713 591 755 pro
626 702 780 745 viribus
822 702 1126 745 sollicitantibus
1175 701 1266 758 plus
1315 715 1411 747 con-

133 766 296 810 cludere
328 780 408 809 non
445 767 553 807 licet.

282 894 458 939 Accedit
490 895 659 951 denique
693 894 914 952 applicatio
945 893 1218 936 formularum
1254 894 1300 938 ad
1343 907 1413 939 ca-

136 959 225 1002 sum
247 992 258 1011 ,
295 971 380 1014 quo
409 972 554 1017 corpus
587 961 710 1004 nullis
771 962 886 1017 plane
936 960 1090 1001 viribus
1137 960 1413 1013 sollicitatur,

136 1025 205 1068 vbi
242 1025 392 1067 solutio
424 1027 471 1067 ad
524 1035 604 1068 tres
653 1027 907 1081 aequationes
953 1023 1237 1066 differentiales
1289 1025 1412 1080 primi

138 1092 281 1142 gradus
312 1090 535 1132 reducitur.
574 1091 734 1133 Verum
768 1102 866 1132 cum
904 1090 945 1131 in
975 1089 1025 1130 iis
1060 1100 1239 1144 quatuor
1273 1092 1416 1132 varia·

137 1154 236 1196 biles
275 1155 398 1196 nimis
434 1156 539 1197 inter
572 1156 607 1198 se
643 1156 722 1197 sint
757 1155 1011 1210 permixtae,
1052 1166 1176 1208 quam
1215 1164 1262 1196 vt
1296 1155 1416 1210 quid·

137 1230 265 1273 quam
301 1220 540 1273 generaliter
574 1220 667 1262 inde
700 1219 883 1263 concludi
923 1217 1068 1274 potiit,
1114 1220 1228 1260 casus
1263 1220 1416 1273 specia-

139 1283 222 1326 lior
265 1283 570 1338 consideratur,
619 1298 702 1340 quo
753 1296 902 1340 corpus
950 1284 1058 1324 circa
1107 1294 1227 1324 axem
1277 1283 1415 1325 fixum

137 1359 341 1400 gyratur,
393 1361 474 1404 quo
509 1359 626 1392 motu
660 1362 812 1405 corpus
842 1348 988 1403 gyrari
1039 1348 1196 1402 potest,
1249 1347 1278 1389 st
1327 1348 1417 1390 axis

142 1414 368 1462 gyrationis
411 1415 453 1454 in
506 1416 687 1469 aliquem
735 1427 853 1457 axem
906 1412 1176 1468 principalem
1233 1413 1416 1466 incidat,

141 1485 224 1528 quo
254 1486 354 1525 ergo
385 1479 474 1516 casu
508 1480 680 1529 angulus
712 1478 987 1519 conuersionis
1018 1477 1200 1528 tempori
1234 1477 1283 1518 fit
1320 1491 1418 1526 pro·

142 1536 397 1592 portionalis,
415 1540 476 1581 vti
513 1553 584 1594 per
617 1543 651 1581 se
684 1540 738 1581 est
774 1540 1039 1581 manifestum.
1090 1538 1253 1580 Verum
1290 1541 1418 1580 etiam

142 1603 185 1643 in
223 1601 300 1643 hoc
333 1605 421 1642 casu
458 1603 754 1656 simpliciffimo
789 1603 929 1655 plures
962 1601 1222 1642 difficultates
1252 1615 1416 1644 moram

139 1665 357 1715 facessunt,
408 1666 463 1707 ita
501 1677 547 1707 vt
579 1667 621 1708 in
655 1677 802 1719 genere
835 1665 1120 1708 euolutionem
1168 1666 1304 1706 multo
1341 1667 1419 1708 mi·

143 1742 217 1771 nus
253 1740 406 1771 tentare
441 1730 592 1784 liceat,
625 1730 783 1772 etiamsi
822 1730 985 1771 nullum
1023 1729 1069 1770 fit
1103 1730 1290 1783 dubium,
1316 1732 1418 1786 quin

146 1796 272 1836 etiam
306 1794 347 1835 in
382 1806 526 1847 genere
560 1797 765 1837 succedere
800 1796 949 1836 debeat.
1019 1795 1102 1835 Hoc
1140 1795 1265 1846 igitur
1298 1807 1416 1849 argu-

148 1869 355 1910 mentum,
375 1863 603 1903 attentione
638 1858 956 1902 Geometrarum
994 1858 1291 1911 dignissimum,
1311 1861 1417 1913 quod

146 1923 271 1964 forsan
304 1924 422 1963 certis
455 1925 635 1967 artificiis
668 1924 884 1977 analyticis
915 1923 1046 1966 adhuc
1081 1924 1295 1965 latentibus
1338 1925 1420 1965 ali-

148 1987 308 2039 quando
345 1987 514 2028 feliciter
550 1989 753 2032 absoluere
788 1991 898 2041 licet,
931 1989 1022 2033 aliis
1056 1988 1123 2032 111.
1157 1987 1319 2031 Eulerus
1350 2001 1422 2030 re·-

150 2049 300 2105 linquit
335 2052 594 2108 maximeque
625 2055 897 2098 commendat.

214 2243 337 2288 Tom.
347 2242 446 2288 XX.
459 2243 575 2291 Nou.
584 2244 751 2291 Comm.
1084 2264 1110 2292 e
1324 2244 1422 2304 2111.
