2012 2724
606 188 668 226 66
1031 187 1148 238 νεώς
1179 181 1194 239 (
1224 196 1252 225 0
1286 185 1303 234 >
1335 183 1451 234 ete«-

601 302 822 353 quadrante
857 308 1061 342 remotam
1085 330 1101 352 ,
1129 298 1182 341 ita
1217 308 1263 340 vt
1302 296 1364 339 his
1414 296 1563 339 duabus
1615 298 1737 342 stellis
1788 302 1883 346 fixis

601 368 750 420 positio
783 365 925 406 circuli
971 364 1145 405 maxim-i
1184 363 1259 405 fixi
1295 365 1598 405 determinetur.
1684 366 1758 406 His
1808 381 1876 408 au·

601 440 687 471 tem
725 430 953 471 constitutis
986 429 1072 470 Vir
1108 428 1174 472 111.
1215 430 1255 470 in
1292 426 1413 469 situm
1448 427 1660 483 ecl-ipticae
1695 443 1770 483 pro
1793 432 1875 473 alio

598 503 786 548 tempore
819 505 1057 549 quocunque
1091 503 1174 534 tam
1211 503 1300 534 ante
1352 504 1480 547 quam
1536 494 1620 548 post
1673 494 1873 548 epocham

596 558 711 600 inam
749 570 952 612 receptam
991 559 1162 610 inquirit
1185 588 1197 609 ‚
1244 557 1570 610 quandoquidem
1609 557 1704 599 hinc
1735 561 1875 601 omnia

597 623 684 665 loca
718 625 758 664 in
797 622 913 664 coelo
948 621 1127 674 respeetu
1162 622 1315 662 orbitae
1353 621 1549 662 terrestris
1585 620 1776 664 haetenus
1807 625 1876 665 de-

595 688 811 734 terminata
844 690 890 728 ad
924 684 1126 727 circulum
1163 684 1286 726 illum
1325 683 1459 727 fixum
1502 688 1708 727 transferri
1764 698 1878 741 pote·

593 762 703 792 runt.
772 751 890 790 Hunc
925 751 966 789 in
1002 747 1127 788 finem
1164 746 1304 801 regula
1342 748 1447 789 olim
1486 750 1531 789 in
1561 750 1660 791 aeris
1709 750 1877 793 Beroli-

593 818 698 856 nens.
737 814 784 855 ab
820 814 905 868 ipso
942 813 1043 853 Viro
1087 811 1154 854 111.
1209 814 1256 854 de
1309 813 1601 855 variationibus
1649 814 1876 858 latitudinis

588 878 768 920 fixarum
825 886 968 932 agente
1007 909 1023 929 ,
1090 877 1236 918 tradita
1303 877 1345 917 in
1417 877 1633 920 subsidium
1686 889 1872 923 vocatur.

592 941 700 985 Cum
736 943 845 984 enim
883 954 962 995 ope
996 942 1081 983 eius
1119 940 1280 993 regulae
1314 952 1371 982 ex
1399 944 1494 985 data
1545 949 1628 983 tam
1685 941 1877 995 longitu-

588 1010 685 1050 dine
733 1020 857 1061 quam
907 1006 1122 1047 latitudine
1176 1005 1401 1058 cuiuspiam
1454 1005 1588 1047 stellae
1642 1005 1747 1048 fixae
1800 1021 1875 1061 pro

589 1073 712 1114 initio
746 1072 875 1112 huius
907 1072 1024 1113 seculi
1060 1070 1146 1110 eiius
1181 1070 1291 1111 locus
1327 1082 1401 1123 pro
1434 1072 1580 1124 quouis
1629 1071 1716 1112 alio
1766 1080 1875 1112 tem-

586 1149 686 1190 pore
719 1136 902 1188 affignari
935 1137 1076 1185 liceat,
1112 1135 1200 1175 inde
1235 1133 1349 1175 facile
1384 1133 1475 1176 loca
1500 1134 1775 1188 definiuntur,
1805 1134 1873 1178 vbi

586 1203 725 1242 ambae
757 1200 911 1248 stellae,
941 1200 1186 1254 positionem
1216 1197 1359 1240 circuli
1396 1199 1570 1240 maximi
1607 1198 1682 1240 fixi
1737 1203 1871 1242 deter-

586 1265 815 1315 minantes,
846 1264 985 1304 seculo.
1015 1276 1098 1305 vno
1131 1263 1269 1316 ela-pso.
1297 1263 1473 1314 respectu
1507 1264 1716 1315 eclipticae
1757 1275 1870 1316 repe-

584 1329 766 1370 riuntur..
844 1326 1044 1368 Manente
1087 1327 1215 1378 igitur
1247 1324 1410 1366 circulo
1436 1327 1616 1366 immoto
1652 1327 1720 1365 seu
1757 1326 1866 1378 posi·

585 1392 701 1434 tione·
727 1391 944 1446 eclipticaev
973 1403 1050 1445 pro
1082 1390 1208 1431 Anno
1246 1398 1364 1438 1-700
1403 1387 1471 1430 ln.
1517 1387 1681 1429 Eulerus
1732 1388 1864 1431 alium

583 1455 805 1497 considerat
835 1454 1067 1505 circulum,.
1080 1454 1315 1507 eclipticam
1353 1464 1429 1505 pro
1465 1454 1594 1493 Anno>
1629 1456 1746 1494 1800
1791 1465 1869 1495 ex-

582 1517 815 1572 hibentem3
833 1528 872 1560 et
904 1518 1187 1560 determinatis
1217 1515 1518 1557 mutationibus
1543 1515 1633 1555 inde
1665 1517 1863 1572 oriundis,

582 1594 677 1637 quas
694 1586 865 1636 quidem⁴
883 1594 1008 1634 quam
1044 1582 1242 1622 minimas·
1270 1577 1346 1617 effe
1378 1578 1715 1631 deprehenditur,
1749 1594 1865 1636 prae,

581 1651 753 1700 cipuum
788 1647 1001 1697 negotium
1036 1645 1077 1685 in
1097 1640 1325 1698 quaerendo
1342 1639 1416 1681 illo
1452 1640 1622 1695 punc'to,
1657 1645 1722 1683 vbi
1743 1647 1864 1690 ambo

579 1711 788 1765 eclipticae
821 1708 919 1750 situs
955 1708 1080 1750 modo
1111 1705 1348 1749 consider-Ati
1397 1705 1435 1745 se
1486 1715 1638 1745 mutuo
1690 1708 1859 1750 interse-

578 1784 696 1827 cant,
738 1776 931 1816 versatur.
977 1772 1070 1814 Situ
1107 1780 1251 1815 antem
1279 1768 1402 1810 huius
1437 1769 1578 1823 puncti
1615 1781 1692 1823 pro
1715 1773 1856 1814 diuer-

579 1838 629 1880 fis
661 1839 828 1892 epochis
861 1839 1133 1880 determinato
1154 1863 1166 1886 ,
1197 1833 1375 1876 nullum.
1402 1832 1518 1887 plane
1556 1834 1774 1876 discrimen
1814 1839 1854 1880 in

577 1915 627 1944 eo
660 1904 866 1959 reperitur
893 1935 905 1955 ,
939 1904 997 1944 ita
1031 1910 1078 1942 vt
1112 1902 1154 1942 in
1187 1899 1329 1941 nostro
1362 1896 1518 1939 circulo
1553 1898 1735 1939 immoto
1769 1911 1861 1943 tan-

577 1979 699 2021 quam
735 1968 936 2023 pune'tum
971 1965 1106 2007 fixum
1141 1973 1184 2005 et
1218 1963 1307 2004 ideo
1339 1964 1456 2003 omni
1507 1963 1732 2003 attentione
1786 1967 1856 2007 di„

575 2041 707 2084 gnum
743 2032 791 2074 fit
823 2032 1063 2074 censendum
1086 2055 1098 2077 ,
1142 2029 1249 2083 quod
1285 2039 1356 2080 per
1396 2028 1435 2068 id
1467 2035 1510 2069 et
1563 2038 1634 2080 per
1669 2027 1725 2067 sui
1780 2043 1853 2085 op-

577 2095 755 2149 positum
789 2096 976 2152 ecliptica
1008 2097 1162 2148 semper
1198 2094 1374 2135 trauseat.
1401 2101 1442 2134 et
1474 2091 1634 2134 circum
1669 2103 1712 2133 ea
1733 2105 1850 2136 motu

1726 2167 1856 2210 angu.
