2012 2724
540 222 599 265 30
957 211 1073 262 »5⁵33
1106 206 1122 265 (
1154 217 1182 247 0
1216 210 1238 264 )
1269 209 1385 262 ἔξω

693 324 924 369 Confiderat
960 324 1089 375 igitur
1124 323 1200 365 Vir
1235 324 1302 364 Ill.
1341 335 1485 379 corpus
1520 324 1560 365 in
1598 323 1695 364 flatu
1732 322 1811 365 ini·

541 388 663 442 tiali,
699 392 740 431 in
775 401 899 442 eoque
944 402 1017 443 pro
1062 388 1190 430 lubitu
1242 392 1384 442 accipit
1437 388 1632 442 punctum
1686 388 1815 442 quod-

550 466 708 507 cunque
731 481 743 504 ‚
779 465 848 508 per
879 454 984 506 quod
1020 464 1097 495 tres
1150 465 1246 494 axes
1288 453 1360 495 fixi
1397 456 1500 494 inter
1547 455 1580 492 se
1613 447 1824 504 normales.—¹

541 519 748 560 ducuntur
770 548 782 569 ‚
814 529 990 570 quorum
1027 518 1201 571 respectu
1239 517 1335 559 situs
1369 516 1621 570 singulorum
1665 528 1814 570 corpo-

542 584 597 624 ris
632 584 878 637 punctorum
916 593 988 636 per
1023 593 1150 624 ternas
1179 583 1429 623 coordinatas
1461 580 1680 630 definitum
1719 590 1812 619 tum

542 659 643 688 vero
675 659 727 687 ex
769 649 912 686 eodem
971 645 1121 697 puncto
1174 656 1384 695 tanquam*
1413 656 1557 686 centro
1607 644 1812 699 sphaeram

542 711 723 764 concipit
776 709 1124 759 circumscriptam
1148 738 1159 757 ‚
1195 710 1277 760 ipso
1318 721 1412 749 cum
1449 721 1619 761 corpore
1669 708 1814 748 coliae-

490 779 494 782 ”
545 784 705 815 rentem
743 770 943 823 simulque
979 771 1202 819 mobilem,
1244 783 1324 824 quo
1363 785 1506 813 omncs
1542 772 1817 822 inuestigatio-

544 847 612 878 nes
646 837 692 877 ad
737 835 962 875 doctrinam
1011 834 1256 887 sphaericam
1286 867 1297 886 ,
1332 837 1370 875 in
1408 836 1621 876 subsidium
1671 834 1816 876 calculi

543 899 623 942 hoe
658 899 781 940 modo
817 899 974 939 facilius
1010 900 1207 946 reddendi,
1227 900 1408 940 reuocari
1445 909 1608 952 queant.
1643 898 1816 939 Etiamsi

543 973 681 1006 autern
738 973 821 1004 tam
877 962 916 1002 in
969 963 1096 1015 priori
1147 961 1414 1004 dissertatione
1462 962 1592 1017 qu'am‘
1639 964 1679 1003 in
1733 963 1818 1015 ipso

549 1028 719 1070 tractatu
754 1027 801 1066 de
837 1036 953 1067 motu
989 1038 1211 1081 corporum
1249 1029 1476 1080 rigidorum
1508 1039 1590 1068 tam
1616 1026 1817 1080 punctum

547 1092 650 1134 illud
683 1093 724 1132 in
760 1102 898 1132 centro
932 1091 1141 1142 grauitatis
1176 1104 1296 1145 quam
1354 1092 1456 1132 terni
1507 1102 1597 1132 axes
1647 1091 1720 1131 fixi
1777 1091 1819 1130 in

547 1156 642 1211 ipsis
671 1155 810 1197 axibus
843 1157 1026 1208 corporis
1063 1156 1352 1208 principalibus
1387 1156 1591 1198 constituti
1628 1154 1818 1197 fuissent:

548 1229 684 1261 tamen
723 1219 788 1260 hic
825 1217 929 1260 nihil
964 1221 1108 1261 referre
1140 1222 1384 1275 obstruatur,
1419 1219 1446 1260 si
1483 1221 1620 1261 onmia
1659 1220 1698 1260 in
1734 1220 1819 1260 alio

550 1284 644 1326 loco
677 1294 919 1337 quocunque
952 1296 1028 1336 pro
1065 1285 1231 1326 arbitrio
1265 1285 1528 1337 accipiantur.
1591 1283 1671 1324 vHis
1705 1293 1820 1335 prae-

546 1347 675 1398 miffis
708 1359 759 1388 ex
795 1347 1103 1397 trigonometria
1141 1347 1338 1400 sphaerica
1374 1348 1489 1388 status
1521 1347 1701 1399 corporis
1736 1345 1819 1386 ini·

540 1412 597 1454 tia
617 1412 663 1452 lis
694 1408 918 1460 definitum
971 1419 1060 1450 tum
1092 1422 1191 1452 vero
1242 1423 1292 1451 ex
1344 1410 1658 1452 consideratione
1712 1409 1822 1447 eius·

545 1477 657 1516 modi
696 1475 830 1522 radii,
863 1475 979 1514 cuius
1011 1475 1178 1514 direftio
1210 1475 1249 1514 in
1304 1486 1479 1527 vtroque
1531 1474 1630 1513 statu
1678 1473 1815 1512 eadem

546 1540 615 1591 est,
651 1540 949 1581 determinatur
986 1537 1102 1577 flatus
1132 1538 1332 1590 corporis,
1367 1538 1408 1577 in
1444 1548 1526 1589 quo
1557 1535 1686 1589 elapso
1709 1545 1816 1574 tem-

543 1615 645 1658 pore
667 1611 683 1640 ι
719 1602 941 1652 reperitur,
963 1600 1064 1638 vnde
1097 1600 1271 1639 diuerliie
1308 1603 1506 1653 prodeunt
1539 1598 1816 1651 exprcffiones‚

544 1677 598 1708 ex
630 1664 773 1719 quibus
808 1664 992 1716 deinceps
1027 1661 1222 1703 formulae
1267 1662 1468 1714 generales
1517 1674 1592 1714 pro
1643 1663 1818 1702 transla-

545 1731 658 1771 tione
706 1737 943 1781 quacunque
994 1729 1232 1767 formantur.
1315 1726 1471 1782 Quibus
1523 1724 1713 1778 expositis
1748 1725 1812 1768 lll.

547 1793 713 1835 Auctor
749 1790 970 1832 nonnullos
1006 1789 1098 1832 situs
1135 1791 1371 1844 principales
1415 1789 1552 1843 puncti
1605 1789 1813 1828 cuiusdam

544 1857 794 1905 considt‘rat,
836 1867 888 1895 cx
943 1868 1018 1906 qua
1070 1855 1377 1896 consscltrsstione
1426 1866 1574 1895 nouem
1626 1853 1816 1894 oriuntur

547 1921 814 1974 exprtffiones
847 1919 1030 1973 speciales
1067 1920 1366 1959 translauonem
1405 1917 1526 1960 huius
1568 1917 1708 1969 punc'ti
1741 1919 1814 1956 de-

546 1988 840 2033 terminantes3
893 1995 990 2035 quae
1050 1983 1140 2023 ideo
1173 1983 1289 2022 omni
1330 1986 1552 2024 attentione
1608 1980 1697 2021 sunt'
1749 1982 1812 2021 di-

543 2061 674 2101 gnae,
710 2050 814 2100 qu‹›d
848 2060 898 2087 ex
936 2049 980 2087 iis
1024 2046 1219 2088 formul-ic
1270 2047 1471 2098 generales
1524 2057 1598 2098 pro
1648 2044 1812 2085 transla-

545 2115 653 2152 tione
687 2123 923 2165 quwunmoe
963 2112 1191 2151 nitidissime
1225 2122 1564 2164 componuntur5
1617 2120 1714 2158 quae
1751 2109 1814 2148 in·-

545 2176 666 2228 signis
701 2177 924 2229 proprietas
957 2175 997 2214 in
1035 2175 1290 2215 theoremate
1326 2175 1516 2229 peculiari
1559 2170 1814 2223 generalissi-

1737 2248 1809 2278 mo
