2012 2724
346 1312 490 1350 Parietes

346 1365 429 1398 rami
465 1362 536 1395 dex-

347 1416 389 1448 tri
405 1415 435 1446 in
451 1410 551 1445 vitulo

350 1462 549 1510 inaequales,

558 242 647 289 388
859 228 941 274 DE
978 225 1303 272 FORAMINE
1335 225 1534 271 OVALI.

551 362 676 392 venae
710 359 828 390 cauae
866 345 1065 385 inferioris
1095 340 1169 385 effe
1205 341 1308 384 κᾶε
1341 352 1502 385 eatenus
1534 341 1718 393 definiui,
1745 356 1828 399 quo

549 420 646 461 haec
680 417 719 454 in
758 412 888 451 sinum
924 408 1126 451 fimstrum
1163 409 1411 458 insereretur,
1429 408 1550 449 ductu
1583 418 1624 449 et
1650 405 1842 452 indicatu‘

549 479 748 522 vitulinae
784 475 1003 516 structurae
1038 475 1264 515 accuratius
1299 485 1401 514 nunc
1453 473 1753 527 determinari,
1785 485 1827 518 et

549 546 674 601 paulo
707 541 960 594 completius
992 538 1157 580 definiri
1196 539 1353 592 poterit.
1419 538 1587 595 Quando
1620 540 1733 579 enim
1764 551 1830 580 ra-

555 621 669 659 mus,
705 619 782 646 noi
822 604 993 657 simplex
1029 602 1254 652 orificium,
1289 601 1354 648 cst,
1379 614 1460 655 quo
1495 615 1592 643 vena
1630 615 1726 643 caua
1762 604 1832 644 in-

554 675 681 716 ferior
719 671 757 711 in
793 669 923 710 sinum
963 667 1165 709 sinistrum
1202 668 1428 718 interitum
1463 680 1540 706 non
1579 678 1718 708 ramus
1739 668 1840 722 ipse,

549 751 630 780 non
660 738 745 777 eius
779 734 985 776 orificium
1021 743 1281 780 extremum,
1314 733 1375 772 seu
1413 742 1618 784 apertura,
1648 734 1829 773 foramen

552 805 736 845 nostrum
770 800 891 840 ouale
925 798 1036 849 erit,
1077 800 1137 839 sed
1190 796 1328 838 lumen
1383 795 1501 835 huius
1552 799 1696 848 rami,
1745 809 1831 848 quo

554 879 652 908 cum
689 875 833 905 trunco
869 864 1133 913 coniungitur
1163 892 1174 911 ,
1222 870 1262 900 et
1304 862 1408 912 quod
1441 859 1518 900 bafi
1557 863 1656 900 rami
1693 860 1833 902 effici-

554 941 622 972 tur
643 960 656 980 ,
707 930 893 980 quodque
927 928 1103 966 vitulina
1139 924 1332 965 structura
1370 925 1418 963 ab
1448 921 1611 964 orificio
1641 936 1831 966 extremo

554 1005 596 1036 et
632 1007 652 1033 a
690 1001 806 1030 ramo
842 989 926 1042 ipso
957 989 1198 1039 distinguere
1230 988 1378 1026 docuit.
1465 986 1557 1028 Huc
1610 992 1717 1031 enim
1763 988 1833 1029 lu-

557 1071 651 1100 men
690 1055 853 1108 proprie
891 1051 990 1091 ullud
1020 1052 1093 1104 est,
1112 1051 1219 1105 quod
1252 1060 1292 1090 et
1325 1052 1503 1090 foramen
1540 1053 1655 1090 ouale
1674 1052 1834 1093 dietum

557 1124 666 1169 fuit,
700 1130 774 1169 et,
810 1126 853 1157 vt
890 1119 1003 1168 supra
1040 1117 1120 1155 iarn
1165 1114 1306 1154 monui
1331 1145 1342 1165 ,
1383 1113 1572 1153 omnium
1607 1115 1799 1156 facillime
1823 1143 1836 1166 ,

560 1196 600 1228 et
637 1188 772 1239 lponte
809 1179 921 1233 quast
946 1210 958 1230 ‚
995 1179 1036 1218 in
1072 1177 1332 1232 conspectum
1369 1177 1496 1220 venit.

708 1313 740 1362 §.
779 1320 848 1360 27.
884 1311 1083 1359 Omitto,
1115 1322 1214 1364 quae
1249 1309 1350 1349 forte
1381 1304 1456 1346 alia
1494 1307 1533 1348 in
1586 1319 1686 1349 vena
1739 1319 1835 1350 caua

567 1375 683 1417 vituli
723 1386 865 1416 notatu
902 1377 1020 1426 digna
1054 1375 1128 1414 effe
1165 1372 1345 1428 pollent,
1378 1383 1478 1423 quae
1514 1370 1617 1413 n÷h11
1654 1374 1699 1413 ad
1736 1372 1837 1413 illu·

567 1441 761 1483 strandam
800 1440 1019 1480 humanam
1052 1439 1274 1479 conferunt.
1359 1436 1481 1477 Pauca
1533 1438 1686 1486 modo,
1735 1448 1839 1489 quae

350 1514 438 1549 Tab.
462 1514 546 1549 vul.
563 1506 607 1546 ad
646 1503 823 1545 nostrum
860 1507 1022 1558 lcopum
1064 1503 1261 1557 pertinere
1297 1500 1510 1548 videntur,
1548 1502 1704 1542 adiicio.
1741 1501 1842 1543 Pla·

373 1566 446 1611 Fig.
475 1575 509 1606 5.

563 1582 694 1623 num,
730 1569 770 1609 in
806 1580 889 1622 quo
923 1567 1100 1622 positum
1135 1567 1188 1607 est
1221 1564 1436 1606 orificium
1478 1577 1712 1607 eXtremum
1765 1577 1840 1606 an·

561 1634 757 1688 gulatum
796 1634 899 1674 rami
935 1635 1066 1675 dextri
1102 1629 1169 1684 (n.
1208 1642 1240 1670 o.
1270 1638 1311 1684 p.
1343 1635 1413 1682 q.)
1460 1643 1539 1670 non
1596 1629 1838 1685 parallelum

565 1700 616 1739 est
652 1698 773 1752 plano
826 1696 1034 1747 luminis,
1086 1706 1211 1746 neque
1263 1695 1594 1746 perp.ndiculare
1641 1696 1687 1735 ad
1741 1699 1838 1735 axin

567 1762 704 1812 rami3
740 1762 799 1802 sed
835 1759 998 1812 oblique
1036 1759 1212 1812 positum
1247 1757 1299 1796 est
1353 1758 1526 1809 respectu
1579 1758 1749 1798 luminis
1797 1765 1842 1797 et

565 1837 715 1873 axem,
748 1826 844 1865 adeo
867 1855 878 1875 ‚
912 1834 959 1864 vt
993 1823 1204 1864 orificium
1256 1832 1492 1861 extrenum
1549 1821 1659 1862 rami
1711 1821 1856 1861 maius.

566 1891 615 1932 fit
650 1890 808 1930 lumine
843 1889 1041 1939 eiusdem,
1072 1898 1112 1927 et
1148 1897 1286 1926 ramus
1333 1888 1411 1938 iple
1449 1887 1616 1937 parietes
1668 1883 1842 1936 habeat,

567 1953 828 2007 longitudine
867 1952 1102 2006 inaequales.
1171 1950 1330 1991 Scilicet
1371 1950 1564 2002 posterior
1600 1949 1720 1989 liuius
1737 1951 1839 1990 dex-

569 2022 622 2059 tri
664 2017 767 2058 rami
805 2021 928 2071 paries
962 2016 1076 2066 (w.)
1113 2015 1366 2065 longiffimus
1414 2016 1466 2054 cst
1508 2017 1614 2054 inter
1663 2024 1839 2063 omnes,

567 2094 813 2134 extfrncquc
853 2082 1000 2135 pariter
1033 2080 1136 2133 (fig.
1173 2075 1214 2124 6.
1255 2092 1291 2121 z.
1336 2077 1402 2131 ¹.)
1449 2090 1494 2118 ac
1531 2080 1684 2118 interne
1718 2074 1839 2131 (w.)

567 2148 729 2198 egregie
762 2148 1032 2199 distinguitur.
1128 2145 1184 2185 Et
1221 2146 1375 2184 interne
1409 2144 1570 2196 quidem
1609 2141 1709 2182 illud
1751 2142 1843 2192 spa-

571 2211 680 2250 tium
718 2210 823 2252 hunc
858 2213 1057 2266 parietem
1093 2210 1219 2253 efficit
1241 2240 1252 2261 ,
1301 2208 1405 2264 quod
1448 2208 1552 2249 inter
1586 2218 1674 2249 crus
1707 2205 1838 2260 poste-

1754 2277 1840 2308 rius
