2012 2724
527 202 624 242 434-
841 181 1069 225 LYCHNI
1090 203 1106 211 -
1129 178 1475 222 CVCVBALVS

525 302 688 342 terdum
736 312 793 345 2,
830 306 851 343 3
878 323 890 345 ,
925 309 984 345 4,
1023 303 1044 343 5
1099 302 1138 334 et
1191 293 1426 345 quandoque
1480 291 1698 346 pluribus,
1747 303 1796 337 vt

526 367 631 405 idem
669 372 860 415 quoque,
894 361 1050 400 ratione
1086 360 1241 398 numeri
1290 357 1486 409 stylorum
1512 388 1523 408 ‚
1575 358 1614 398 in
1670 357 1798 398 hortis

527 428 707 469 maxime
744 423 974 471 variabilis,
1017 423 1141 475 patris
1177 422 1336 473 ipsius,
1387 433 1604 474 matrisque
1654 423 1797 474 impr.-

527 495 606 532 mis
629 520 641 539 ‚
677 498 764 528 mos
796 487 850 527 est
873 515 884 536 ,
916 497 1096 527 attamen
1146 497 1342 525 numerus
1393 488 1672 537 quaternarius
1723 487 1801 526 sae-

527 554 685 608 piffiine
719 552 910 591 ovnnium
946 551 1148 600 obuenit,
1180 562 1223 590 ac
1257 550 1518 590 constantior.
1568 550 1800 602 lnsequente

527 630 634 657 anno
659 648 670 667 ‚
720 616 862 655 micis
894 615 982 655 suae
1016 613 1275 668 perennautis
1315 626 1358 655 vi
1382 645 1395 666 ,
1443 612 1558 653 Iunii
1593 615 1715 655 initio
1745 614 1803 655 se-

527 684 657 722 cunda
695 682 782 721 vice
820 678 999 722 flor-ebat.

685 779 764 815 An.
807 788 937 823 1771.
976 787 1027 815 ex
1062 775 1273 818 seminibus
1306 771 1432 826 priori
1467 785 1570 814 anno
1594 803 1606 823 ‚
1639 773 1701 813 dIe
1734 776 1802 816 16.

530 850 571 881 et
611 837 807 879 20.1un.
847 839 884 878 in
923 850 1093 892 quatuor
1140 837 1306 881 floribus
1355 836 1461 879 felici
1514 837 1664 876 iterum
1716 839 1806 878 suc·

529 903 633 942 cess‘u
692 902 969 955 pracepit-atis,
1017 903 1172 954 plantae
1223 901 1413 953 hybridae
1465 901 1529 940 sex
1587 911 1803 952 prognatae

529 967 653 1014 sunt,
688 964 752 1004 illi
788 964 905 1019 supra
939 965 1163 1018 descriptae
1201 977 1271 1016 per
1305 964 1445 1003 omnia.
1482 963 1647 1005 ssmiles.

1068 1053 1189 1118 Exp.
1226 1053 1283 1102 IL

880 1129 1076 1170 Cucubah
1113 1133 1242 1172 viicos.
1280 1128 1325 1175 ῼ.

884 1202 1046 1255 Lychn.
1082 1206 1203 1246 dioic.
1237 1201 1331 1243 rubr
1379 1199 1440 1242 οἳ.

679 1299 761 1341 An.
786 1308 913 1349 1770.
934 1300 997 1340 die
1024 1305 1090 1341 ιδ.
1114 1300 1201 1340 Iun.
1225 1303 1263 1342 in
1285 1300 1408 1341 tribus
1430 1297 1591 1339 floribus
1621 1296 1813 1339 Cucubali

537 1363 679 1404 viscosi
721 1361 778 1412 ῼ,
813 1376 913 1415 quos
950 1365 1110 1404 inuerso
1159 1366 1281 1405 modo
1333 1363 1501 1415 puluere
1551 1364 1815 1403 anthemium

537 1425 763 1478 Lychnidis
796 1427 951 1468 dioicae
983 1429 1124 1469 rubrae
1157 1427 1354 1480 conspersi
1375 1427 1702 1480 ‚impraegnatio
1723 1436 1815 1466 vera

539 1492 679 1531 frustra
716 1492 793 1532 fuit
827 1501 974 1532 tentata
998 1519 1013 1540 ‚
1044 1500 1185 1543 vtpote
1219 1492 1285 1533 vel
1322 1491 1435 1543 plane
1467 1488 1574 1530 nulla
1597 1517 1610 1538 ‚
1643 1490 1708 1530 vci
1731 1490 1818 1528 im-

541 1555 714 1608 perfcd'ta
746 1565 905 1595 tantum
942 1555 1031 1595 inde
1063 1554 1200 1595 secuta.
1268 1554 1384 1595 Idem
1419 1555 1751 1607 experimentum
1777 1553 1817 1593 in

519 1619 697 1671 'duobus
729 1618 895 1659 floribus
920 1619 957 1661 d.
995 1622 1038 1658 6.
1079 1616 1158 1658 lul.
1194 1617 1341 1658 infelici
1381 1621 1536 1670 pariter
1565 1615 1731 1658 successu
1753 1628 1818 1656 re-

541 1683 735 1734 petitum.
800 1684 945 1725 Forsan
983 1680 1104 1736 ipsius
1138 1680 1318 1732 capiulre
1353 1683 1530 1733 angustia
1566 1681 1814 1722 ouulorum-

542 1756 621 1796 que
658 1743 709 1784 sle
737 1745 942 1785 did'torum
985 1746 1160 1798 paruitas
1218 1742 1282 1784 hic
1326 1745 1364 1783 in
1415 1746 1525 1785 causa
1577 1753 1694 1790 erait,
1743 1753 1817 1781 cur

542 1809 800 1848 foecundatio
835 1809 990 1849 inuersa
1026 1807 1102 1848 hac
1135 1808 1289 1847 ratione
1326 1819 1404 1846 non
1448 1806 1666 1848 successerit
1691 1833 1701 1852 ,
1753 1804 1819 1844 vel

545 1871 649 1911 intra
695 1882 828 1912 certos
883 1881 1043 1914 tantum
1102 1870 1252 1911 limites
1302 1870 1534 1923 imperfcsta
1591 1869 1817 1909 substiterit.

550 1934 670 1974 Plura
706 1945 813 1975 certe
847 1936 923 1976 alia
955 1935 1138 1988 exempla
1166 1965 1178 1985 ‚
1231 1933 1374 1986 quibus
1417 1933 1560 1986 opinio
1595 1932 1686 1972 haec
1716 1944 1819 1972 con-

547 1997 707 2040 firmari
744 2000 937 2053 videtur,
968 1999 1082 2042 facile
1115 2000 1155 2040 in
1192 1999 1374 2040 medium
1424 1999 1603 2053 proferre
1652 1995 1817 2050 possem.

1594 2164 1790 2217 Plantae
1808 2201 1822 2224 ‚
