2012 2724
604 228 721 281 ”Q
754 226 768 285 (
802 236 830 267 0
867 224 882 284 )
916 212 1035 278 {tezo
1377 239 1440 283 79

160 346 196 392 Ι.
216 347 260 390 Τ.
284 343 544 391 Koelreuter‚
587 339 753 391 Lychni
790 363 810 372 -
847 341 1071 386 Cucubalus
1131 353 1236 386 noua
1298 339 1442 386 Planta

353 406 522 460 hybrida
558 415 645 457 pag.
684 418 789 455 43¹·

161 525 207 568 A.
232 522 267 563 1.
288 516 553 567 Guldenllaedc
576 551 586 569 ‚
619 518 826 562 Schacalae
863 519 1038 561 Historia
1074 528 1163 573 pag.
1199 531 1305 573 449·

158 586 338 629 Eiusdem
358 615 369 636 ‚
405 584 540 624 chaus
561 613 573 635 ‚
607 585 759 627 animal
799 583 884 628 Feli
917 587 1037 627 affine
1066 584 1311 641 descriptum
1348 594 1436 640 pag,

352 654 458 700 483.

508 757 1084 832 Astronomica.

158 913 206 957 L.
239 912 357 956 Euler
378 944 388 962 ,
424 910 489 952 De
525 910 692 951 traiectu
725 910 919 952 citissimo
952 911 1084 953 stellae
1118 920 1189 964 per
1224 909 1325 950 duos
1351 908 1437 950 cir-

351 977 411 1019 los
448 975 811 1016 Almicantharath
854 975 964 1016 datos
1006 988 1081 1031 pro
1127 971 1301 1029 qualibet
1355 973 1438 1014 ele-

350 1042 512 1082 vatione
548 1039 634 1094 poli
669 1051 758 1094 pag.
796 1049 897 1090 503.

159 1156 340 1200 Eiusdem
363 1185 375 1206 ‚
408 1153 476 1195 D.»
508 1153 671 1195 circulo
709 1155 894 1195 maximo
929 1152 1015 1195 fixo
1052 1151 1092 1193 in
1127 1149 1243 1192 coelo
1285 1151 1434 1193 consti-

350 1220 498 1260 tuendo
520 1247 532 1268 ‚
561 1219 609 1257 'ad
643 1230 763 1271 quem
801 1219 951 1260 oibitae
974 1217 1244 1272 planetarum
1281 1227 1321 1257 et
1361 1230 1438 1258 co·-

350 1291 558 1324 metatum
594 1283 819 1324 referantur
852 1294 943 1338 pag.
984 1292 1087 1332 509.

161 1396 482 1437 obseruationes
523 1396 828 1438 Astronomicas
878 1409 955 1451 pro
1005 1391 1310 1438 determinando
1360 1389 1440 1431 fitu

352 1458 639 1512 Geographico
676 1461 891 1502 variorum
927 1471 998 1513 per
1035 1459 1267 1511 Imperium
1305 1455 1434 1496 Ruffi-

352 1535 447 1563 cum
492 1522 679 1562 locorum
726 1533 747 1562 a
800 1521 908 1565 Nob.
959 1519 1222 1573 Chrzstophoro
1273 1517 1440 1565 Eulero,

350 1585 488 1626 Annis
523 1592 643 1633 1769
680 1595 720 1624 et
761 1597 877 1636 ¹770
916 1586 1031 1626 saetas
1084 1581 1256 1625 recenset
1311 1580 1361 1621 A.
1398 1580 1436 1623 I.

349 1646 484 1690 Lexell
512 1660 598 1703 pag.
642 1658 747 1698 541.

159 1765 209 1809 A.
232 1765 266 1807 Ι.
288 1761 425 1806 Lexel'l
438 1791 450 1812 ‚
487 1761 550 1803 De
595 1760 870 1802 obseruatione
913 1759 1120 1813 Eclipseos
1170 1757 1302 1807 Solis,
1358 1760 1432 1800 Pe—

353 1825 506 1879 tropoli
541 1827 603 1867 die
637 1827 670 1873 ἐξ
707 1826 902 1879 Augusti,
933 1827 1059 1867 Anno
1098 1833 1212 1874 1775
1254 1822 1435 1864 instituta

352 1902 440 1945 pag·
481 1901 585 1940 577·

163 2002 207 2045 P.
228 2001 504 2053 Inochodzow,
547 2003 848 2046 Obseruationes
889 2003 1198 2045 Astronomicae
1249 2001 1290 2041 in
1342 2000 1440 2043 vrbe

349 2063 625 2108 Dmitriewsk
664 2071 899 2119 institutae,
932 2079 1009 2108 vna
1057 2079 1151 2107 cum
1192 2066 1437 2106 determina-

352 2131 462 2172 tione
514 2129 735 2176 latitudinis
769 2144 808 2173 et
860 2131 1129 2186 longitudinis
1184 2130 1306 2172 huius
1356 2128 1436 2171 loci

352 2206 444 2250 Pag·
484 2204 567 2248 593
577 2226 587 2237 ·

390 2306 394 2309 ,
1255 2255 1439 2299 Eiusdem
