2012 2724
457 202 540 245 DE
579 195 906 243 FORAMINE
941 193 1146 241 OVALI.
1344 202 1434 248 385

163 320 372 370 integrum
393 329 528 358 autem
551 325 713 371 apparet
734 315 771 354 in
792 323 931 366 aperto
949 313 1032 355 sinu
1055 312 1221 363 sinistro,
1239 310 1331 364 (fig.
1345 307 1391 357 6.
1411 323 1439 356 t.

164 383 233 435 fig.
254 390 298 438 7.
321 396 351 435 q.
375 396 422 423 m.
447 397 478 424 r.
499 395 529 425 s.
552 384 577 422 i.
603 387 616 430 )
647 392 686 420 et
719 378 898 419 efficitur
936 381 1100 434 proprie
1143 381 1188 421 ab
1242 378 1319 432 ipia
1371 390 1439 418 cx-

167 460 296 490 trenm
333 459 401 487 ora
440 447 626 487 valuulae
658 443 859 483 tubuloihe
898 441 1003 483 smus
1036 443 1194 492 sinistri,
1221 455 1319 496 quae
1338 442 1438 485 huic

163 525 371 565 aperturae
408 511 559 552 insidet.
634 506 710 549 Sed
767 507 910 548 lumen
965 508 1096 549 simile
1143 508 1250 548 rami
1303 509 1440 550 dextri

162 591 287 619 venae
322 588 438 617 cauae
474 574 708 624 interioris,
762 573 868 625 quod
922 585 1070 626 nempe
1119 585 1138 614 a
1191 572 1266 614 basi
1321 572 1443 614 huius

160 645 298 690 rami,
328 651 402 692 qua
439 648 583 680 trunco
619 639 686 680 suo
725 649 897 691 partim,
932 650 1054 679 venae
1088 649 1207 678 cauae
1239 638 1446 690 inferiori,

162 706 334 754 insidet,
368 704 596 757 partimque
643 715 739 743 cum
800 703 932 744 altero
986 704 1122 745 vicino
1173 703 1243 744 suo
1284 701 1442 745 sinistro

160 782 274 813 tamo
306 765 493 808 cohaeret
519 800 531 819 ,
563 769 742 810 efficitur
764 798 776 819 ‚
811 767 1001 809 similiter
1036 778 1234 823 apparet,
1270 766 1297 808 fi
1342 780 1441 809 vena

150 845 254 875 ‘caua
296 832 462 873 inferior
498 836 537 873 in
582 837 730 886 pariete
773 835 844 873 suo
895 832 1050 874 sinistro
1101 833 1331 883 inciditur,
1382 845 1444 872 ea-

155 899 328 944 demque
363 898 533 939 sectione
570 898 692 939 timul
731 897 894 937 valuuia
932 896 1036 936 finus
1081 896 1225 937 sinistri
1276 896 1444 937 disseca-

157 971 225 1003 tur
247 992 258 1012 ,
293 965 635 1014 quemadmodum
671 961 776 1017 (fig.
815 960 897 1016 4.)
933 959 1001 1000 has
1037 969 1170 1013 partes
1202 971 1254 1000 ex
1292 960 1441 1002 infante

157 1028 362 1080 propoiui.
430 1027 541 1067 Tum
577 1027 687 1066 enim
727 1027 832 1066 idem
868 1036 1015 1077 arcuS‚
1063 1026 1133 1078 qui
1186 1037 1237 1066 ex
1296 1026 1444 1068 dextro

157 1090 281 1132 latere
320 1093 425 1132 visus
459 1093 498 1133 in
551 1091 655 1132 basin
715 1091 821 1131 rami
871 1091 1012 1132 finistri
1070 1091 1319 1139 continuat,
1369 1102 1447 1144 qua

154 1167 271 1211 parte
310 1156 374 1197 hic
411 1166 557 1196 trunco
591 1156 768 1204 insidet,
814 1165 938 1207 atque
993 1154 1074 1195 hoc
1126 1157 1248 1197 modo
1296 1154 1444 1197 lumen
1486 1175 1492 1181 ·

154 1223 261 1261 rami
301 1220 442 1260 sinistri
479 1220 604 1261 efficit
630 1247 640 1267 ,
672 1217 799 1259 simili
838 1220 960 1258 modo
999 1221 1039 1259 in
1073 1217 1176 1259 basin
1228 1219 1441 1262 continuat

153 1288 259 1327 rami
293 1285 428 1324 dextri
450 1311 462 1331 ,
488 1287 653 1338 eiusque
692 1284 830 1323 lumen
881 1284 1038 1333 efficit3
1086 1286 1438 1336 quemadmodum

157 1348 253 1389 hacc
287 1352 523 1388 communis
577 1352 799 1403 proprietas
850 1350 1030 1389 cuiusuis
1078 1349 1212 1390 trunci
1264 1349 1352 1401 est,
1401 1350 1443 1391 in

156 1415 272 1461 duos,
306 1426 427 1466 quam
467 1412 638 1454 minime
670 1415 942 1465 diuergentes,
961 1424 1000 1452 et
1032 1414 1112 1453 fere
1144 1413 1340 1466 aequales,
1380 1425 1442 1455 ra-

158 1490 248 1518 mos
280 1477 408 1517 όίυιίῑ.
478 1477 668 1531 Denique
704 1479 833 1519 etiarn
859 1504 872 1525 ‚
907 1478 1003 1531 quid
1042 1490 1155 1518 arcus
1193 1478 1290 1529 ille,
1338 1476 1439 1520 isth-

159 1554 252 1582 mus
290 1536 624 1599 VIEVSSENH,
673 1544 712 1583 in
750 1542 917 1582 homine
950 1555 1028 1582 non
1068 1542 1207 1586 minus.
1233 1555 1356 1596 quam
1391 1543 1435 1584 in

156 1607 294 1648 vitulo
320 1609 380 1655 sit,
398 1620 448 1648 ex
472 1610 640 1649 vitulina
664 1606 734 1648 hac
759 1607 954 1648 struetura
994 1606 1141 1648 clarius
1179 1608 1439 1659 intelligitur.

159 1672 230 1711 Vti
252 1676 362 1713 enim
386 1674 423 1712 in
446 1674 622 1726 quolibet
646 1685 801 1719 trunco,
826 1673 864 1712 in
893 1676 990 1714 duos
1024 1684 1177 1724 ramos,
1203 1686 1348 1728 erum
1377 1674 1443 1715 di-

157 1747 383 1788 vergente5‚
403 1739 542 1789 diuiso,
563 1751 612 1779 to
631 1737 746 1788 loco,
776 1737 837 1778 vbi
864 1740 966 1778 rami
998 1738 1100 1780 inter
1128 1742 1163 1779 se
1191 1737 1407 1779 cohaerent
1428 1765 1440 1788 ,

157 1801 330 1851 angulus
352 1802 543 1852 efficitur,
562 1805 629 1855 qui
653 1816 691 1843 in
718 1803 872 1843 interna
893 1806 1068 1844 cauitate
1098 1801 1242 1845 canalis
1271 1803 1443 1856 speciem

158 1876 273 1904 arcus
291 1872 431 1913 reim,
458 1867 604 1909 lumini
635 1869 767 1909 trunci
799 1880 820 1906 e
848 1869 1049 1909 oiametro
1073 1867 1266 1922 oppositi,
1291 1878 1331 1908 et
1358 1880 1441 1921 quo

158 1927 236 1969 hoc
259 1928 396 1971 lumen
433 1932 569 1972 trunci
606 1933 645 1972 in
682 1937 764 1974 duo
798 1933 980 1983 lumina,
1010 1944 1111 1986 quae
1148 1945 1252 1973 nunc
1277 1931 1436 1972 lumina

160 2006 373 2034 ramorum
398 1997 498 2041 sunt,
516 1997 731 2045 diuiditur,
756 2009 962 2051 quemque
988 2009 1126 2037 arcum
1155 1995 1328 2049 angulum
1358 2007 1441 2036 con-

161 2058 358 2099 invasoris
377 2059 528 2101 duorum
558 2073 741 2103 ramorum
769 2062 999 2114 appellabo;
1023 2063 1072 2102 ita
1101 2071 1221 2114 patet,
1242 2063 1347 2100 hunc
1366 2073 1441 2100 ar-

161 2135 256 2163 cum
285 2155 296 2170 ‚
333 2124 530 2166 istbwum
578 2118 872 2171 VIEVSSENH
892 2159 904 2179 ,
944 2125 1045 2181 (fig.
1077 2137 1104 2169 1.
1143 2139 1207 2167 ιο.
1237 2124 1307 2177 fig.
1335 2131 1376 2182 3.
1400 2138 1443 2167 x.

162 2186 219 2239 fig
271 2197 320 2245 4.
350 2203 386 2235 ν.
431 2188 500 2230 θ’.
537 2197 573 2246 5.
608 2202 647 2230 x.
681 2202 718 2231 x.
750 2196 763 2239 )
825 2191 931 2234 nihil
985 2192 1093 2231 aliud
1146 2188 1218 2232 effe
1256 2221 1268 2243 ,
1319 2202 1444 2242 quam

170 2297 173 2300 ,
228 2253 773 2298 Ίυιιι.ΧΧ.[Χυυ.(.”οιῐιιη.
995 2254 1105 2297 Ccc
1299 2255 1442 2312 ipsum
