2012 2724
581 187 640 235 58
1009 181 1125 233 »5033
1159 182 1180 235 (
1215 196 1244 226 0
1277 184 1298 235 )
1332 181 1448 232 &3³3⁴-

578 296 693 340 Ctum
737 291 926 339 Gallinae·
953 304 976 335 a
1030 293 1222 336 Phasiano
1266 294 1526 337 foecundatae
1575 304 1680 348 oua,
1734 295 1853 338 testae

578 362 714 404 colore
751 370 911 401 mutato
931 391 943 412 ‚
975 359 1148 403 indicare
1178 370 1341 414 quoque
1376 359 1517 402 solent.

729 473 928 527 Longum
966 473 1054 517 Cel.
1091 474 1251 516 Auctor
1284 473 1437 516 addidit
1469 472 1859 527 experimentorum

583 534 832 590 catalogum
855 567 867 587 ,
901 550 1029 591 quae,
1061 537 1159 580 licet
1193 539 1480 581 coniunctione
1519 538 1753 592 plantarum
1791 548 1860 576 ae-

578 616 657 658 que
710 602 897 644 affinium
949 602 1132 643 instituta
1168 633 1179 654 ‚
1228 603 1446 644 frustranea
1496 611 1631 643 tamen
1683 603 1858 644 fuerunt.

581 667 697 708 Vnde
733 666 889 707 cautius
923 664 1167 722 hypotheses
1214 666 1361 708 struere
1402 666 1554 707 discent
1592 667 1629 707 Ii
1652 695 1664 715 ,
1714 667 1859 719 quibus

579 730 858 783 hybridorum
894 731 1044 780 genesi-s
1078 730 1175 770 adeo
1212 730 1338 772 facilis
1373 731 1535 772 videtur
1557 760 1568 781 ,
1602 740 1648 770 vt
1683 742 1762 771 non
1796 729 1860 770 so-

579 795 672 836 lum
724 792 1015 846 intermedias,
1063 793 1282 849 alienisque
1334 793 1533 848 speciebus
1593 793 1864 834 similitudine

579 858 760 913 quadam.
795 858 935 900 affines
975 857 1132 912 plantas
1166 855 1337 899 naturali
1355 858 1616 900 dissimilium
1637 859 1859 911 specierum

582 921 789 965 connubio
824 921 1008 964 audacter
1044 923 1254 973 tribuant,
1302 923 1363 964 sed
1403 923 1529 965 etiam
1578 933 1724 975 genera
1776 931 1867 962 tan-

583 996 678 1029 tum
712 988 872 1027 summa
907 986 1028 1027 initio
1063 998 1204 1028 rerum
1248 987 1405 1030 condita
1427 1020 1438 1041 ,
1489 998 1717 1040 eorumque
1768 987 1869 1027 adeo

583 1050 904 1093 discordantibus
952 1050 1158 1092 adulteriis
1208 1051 1414 1093 succeffiue
1466 1053 1677 1106 copiosam,
1725 1050 1872 1108 quibus

587 1115 712 1158 hodie
766 1116 1020 1167 obruimur,
1071 1117 1213 1170 species
1263 1127 1477 1169 prognatas
1530 1115 1638 1157 fuisse
1692 1113 1872 1167 fingunt.

587 1179 760 1224 Discant
796 1178 846 1219 hi.
876 1180 1174 1232 experimentis
1208 1181 1450 1223 Koelreuteri
1486 1181 1605 1222 nostri
1629 1211 1647 1232 ,f
1686 1189 1869 1233 quorum

585 1244 676 1286 iam
709 1243 914 1285 illustrem
953 1255 1175 1286 numerum
1210 1256 1251 1286 et
1286 1246 1462 1298 egregias
1499 1246 1611 1286 series
1645 1244 1687 1283 in
1717 1241 1864 1283 libellis

585 1309 668 1350 fuis
702 1306 945 1360 germanicis
977 1307 1139 1359 edidit,
1171 1309 1298 1348 etiam
1330 1319 1441 1362 arte,
1471 1309 1580 1360 saepe
1614 1304 1867 1346 difficillima

588 1371 664 1413 effe
701 1370 881 1412 maxime
911 1370 1100 1412 affinium
1138 1370 1367 1426 plantarum
1402 1370 1599 1412 adulteria
1620 1398 1631 1419 ‚
1666 1381 1764 1422 quae
1800 1367 1870 1409 lsti

587 1435 677 1478 solo
709 1444 878 1476 naturae
930 1436 997 1476 sub
1049 1435 1155 1477 casto
1204 1436 1406 1487 regimine
1456 1435 1562 1474 inter
1602 1431 1871 1475 diffimillima

590 1510 736 1551 genera
772 1499 878 1539 adeor
903 1497 1034 1539 facilia
1068 1499 1274 1553 quondam
1308 1495 1423 1541 fuiffe
1452 1497 1742 1550 imaginantur.
1792 1495 1871 1538 Di-

589 1564 697 1605 scant
730 1563 855 1602 ctiam
892 1552 1082 1613 hybridas
1115 1561 1266 1616 plantas
1299 1564 1341 1602 in
1376 1563 1594 1603 constantes
1626 1563 1771 1615 species
1796 1563 1870 1602 vix

588 1636 774 1678 'vnuqam
807 1622 927 1664 euehi
965 1625 1101 1678 posse,
1140 1624 1408 1678 ineptitudine
1442 1625 1599 1680 partim·
1647 1626 1693 1665 ad
1750 1638 1871 1678 gene-

591 1691 799 1739 randum,
836 1688 985 1743 partim
1026 1689 1305 1741 degradatione
1349 1687 1416 1730 vel
1457 1690 1761 1740 degeneratione
1798 1702 1869 1741 prr

592 1755 849 1797 succedentes
889 1754 1162 1804 generationes
1184 1781 1196 1802 ,
1229 1755 1281 1795 ad¹
1321 1757 1702 1809 praeponderantem
1740 1752 1867 1793 alter-

595 1818 730 1860 vtrius
781 1817 955 1871 parentis
1007 1816 1192 1859 habitum
1223 1828 1455 1876 'perpetuas
1485 1819 1639 1858 easdem
1675 1819 1873 1869 denegan-

597 1882 716 1924 tibus.
786 1882 843 1921 Vt
875 1881 999 1922 etiam
1049 1881 1118 1924 hic
1170 1883 1449 1937 sapientiorem
1504 1882 1706 1924 Naturam
1760 1883 1869 1923 fuiffe

598 1947 810 1990 videamus
829 1975 842 2000 ‚
873 1958 1005 2002 quam.
1032 1958 1122 1990 eam
1155 1946 1225 1991 fibi
1259 1946 1467 1990 finxerunt
1507 1945 1802 1990 Obseruatores.

1787 2165 1870 2210 111·
