2012 2724
444 226 802 278 SGHACALAE
838 223 1136 274 HISTORIA.
1315 226 1423 275 463

155 347 306 406 posset..
364 348 434 392 Ex
468 347 629 390 incertis
662 343 856 387 hariolari
893 343 1019 395 noio;
1064 343 1126 384 sed
1179 341 1269 386 hoc·
1312 351 1426 383 cer'to

152 417 259 466 scic,
293 416 400 467 quod
433 423 583 455 nomen
617 411 654 452 T
660 410 746 451 uiki
769 441 781 462 ,
816 409 922 464 quod
954 406 1013 448 Ill.
1048 407 1183 449 Comes
1216 407 1263 448 de
1304 400 1429 453 va-

157 490 259 525 FON
312 472 552 524 OLEARIO
604 474 727 517 fidens
762 474 916 528 pariter
951 472 1055 512 inter
1098 471 1314 514 Schacalae
1361 472 1430 522 sy-

156 546 324 587 nonima
373 544 485 593 (vid.
521 538 668 592 Histor.
702 537 850 581 Natur.
890 536 995 578 Tom.
1032 533 1194 590 xm.)
1244 535 1426 588 recepit,

159 611 201 651 in
245 608 396 652 Turcia
446 604 600 646 asiatica
653 614 862 658 nunquam
915 600 1133 643 Schacaiae
1173 600 1236 642 secl
1289 598 1429 653 Vulpi

159 675 394 727 imponatur
415 701 427 721 ‚
462 670 501 710 id
538 668 648 724 quod
678 680 729 709 ex
762 668 841 723 ipsa
878 659 1106 711 OLEARH
1162 663 1431 718 descriptione

159 747 300 795 patet,
331 734 542 777 secundam
579 745 701 789 quam
753 731 921 774 animali
958 731 1022 771 illi
1060 729 1184 771 obuio
1231 727 1431 770 auriculae

158 803 296 854 nigrae
327 800 634 850 attribuuntur,
666 809 770 852 quae
802 795 1015 850 Vulpibus
1059 794 1209 849 vbique
1262 794 1404 845 nigrae
1424 820 1435 841 ,

158 865 362 911 Schacalis
395 875 535 907 autem
569 865 726 917 semper
759 863 960 903 brunneae
993 860 1094 900 sunt.
1171 857 1328 898 Pariter
1363 869 1434 910 per

156 942 271 974 curas
321 929 379 971 CI.
431 923 688 973 PENNANT
742 924 974 966 nouiffimas
1024 919 1296 962 certissimum
1353 921 1438 970 est,

157 996 267 1049 quod
299 993 411 1034 lakal
448 988 685 1037 Bos-MANI
724 989 766 1029 in
798 985 956 1030 Guinea
1009 986 1159 1034 v>isns‚-
1198 995 1330 1038 quem·
1373 981 1439 1023 I-ll.

159 1059 303 1101 Comes
327 1057 372 1098 de
400 1051 614 1102 BVFFQN
646 1055 770 1096 etiam
810 1064 887 1107 pro
917 1049 1268 1093 Schacala-nostra
1301 1045 1438 1099 habet,

159 1122 314 1164 animal
350 1121 399 1162 fit
434 1123 480 1163 ab
514 1121 580 1162 illa
615 1117 965 1165 diuerfiffimum-,
1015 1128 1036 1156 a
1085 1111 1145 1155 CI.
1178 1105 1438 1157 PENNANT

160 1188 329 1240 Hyaena
362 1184 562 1226 maculata
613 1181 898 1236 appellatum3
941 1179 1023 1221 vid.
1071 1177 1134 1219 Ei.
1188 1176 1353 1233 Synopfis
1404 1175 1451 1231 of

157 1249 412 1311 Qadrupeds
448 1261 485 1303 p.
517 1250 581 1292 ,16
591 1259 629 1286 2,

319 1345 383 1387 Ita
419 1343 617 1389 facil-lime
661 1350 796 1388 errant
845 1336 1202 1398 peregrinatoresss
1251 1341 1320 1399 qui
1373 1340 1443 1386 vel

165 1412 312 1454 notitia
348 1411 615 1464 Zoologica,
638 1411 706 1452 vel
740 1409 928 1465 patientia
963 1410 1023 1451 ad.
1059 1401 1286 1450 incolnrum
1346 1420 1442 1449 exa-

170 1489 264 1516 men
300 1475 507 1516 neceffaria
539 1485 700 1518 carena.v
756 1474 971 1515 Eiusmodi
1010 1473 1293 1526 peregrinator
1315 1502 1327 1524 ‚
1360 1486 1443 1514 no-

169 1541 347 1580 minibus
395 1539 624 1581 incolarum
680 1537 926 1592 {impliciter
975 1548 1238 1590 contentus,
1290 1539 1442 1579 iuraret

168 1607 291 1644 etiam
332 1605 371 1643 in
410 1606 579 1646 Verania
612 1614 651 1644 et
686 1601 878 1644 Polonica
910 1613 950 1644 et
988 1602 1139 1645 Rustica
1171 1601 1226 1641 cis
1259 1613 1298 1643 et
1335 1612 1443 1642 trans

172 1666 409 1719 Dynaprin·
435 1668 639 1710 Schacalas
675 1667 794 1716 dare,
827 1668 921 1721 quia
957 1667 1107 1708 animal
1162 1666 1307 1707 ibidem
1355 1668 1442 1707 fre-

168 1743 294 1783 quens
328 1732 380 1771 est
401 1760 412 1780 ‚
446 1734 508 1773 cui
553 1731 708 1775 incolae
762 1743 925 1772 nomen.
966 1729 1173 1772 Tschacal,
1207 1732 1444 1785 imponunt.

170 1793 329 1836 Gnarus
378 1807 514 1838 autem
574 1797 659 1851 ipso
722 1795 894 1836 animale
946 1795 1183 1837 examinato
1236 1796 1448 1851 perspiciet

172 1859 327 1899 animal
364 1859 484 1902 hocce
520 1862 576 1901 in·
597 1861 789 1903 Verania¹
814 1858 1018 1901 Tschacai,
1044 1861 1199 1902 dicium
1233 1862 1341 1901 idem
1362 1859 1449 1908 effe,

170 1924 276 1975 quod
314 1923 352 1961 in
392 1925 555 1977 reliquis
590 1925 744 1968 Ruffiae
778 1934 817 1966 et
853 1925 1045 1968 Poloniue
1097 1925 1314 1980 prouinciis
1364 1923 1447 1964 siae

172 1986 315 2027 'ironice
352 1986 489 2028 Wolk
524 1990 672 2030 dicitur
695 2020 706 2041 ,
737 1991 927 2045 quodque
957 1990 1101 2044 Lupus
1143 1986 1324 2039 vulgaris
1385 1986 1452 2028 est.

324 2080 426 2124 Dari
463 2085 502 2124 in
538 2096 672 2124 rerum
710 2094 869 2137 natura,
890 2096 1042 2141 praeter
1075 2086 1240 2138 Lupum
1272 2091 1321 2124 et'
1345 2080 1450 2122 Vul-

176 2157 269 2199 pem
297 2177 308 2196 ‚
342 2157 383 2186 et
416 2148 501 2188 aliu
523 2147 714 2191 animalia
750 2142 959 2194 Seliacalae
995 2151 1084 2202 pius
1123 2150 1310 2189 minusue
1345 2144 1450 2187 adfi-

175 2212 258 2262 nia,
286 2211 554 2252 certiffimum
590 2212 656 2253 est.
724 2214 854 2267 Isaris,
889 2215 1038 2256 animai
1082 2215 1122 2255 in
1157 2213 1301 2257 Sibiria
1340 2211 1447 2252 indi-

1268 2287 1457 2330 genum,
