2012 2724
552 205 643 252 3⁸0
843 195 925 237 DE
960 191 1273 236 FonAmiNE
1296 192 1520 240 ,ovam

547 314 694 355 duabus
727 307 857 350 tertiis
892 305 1048 349 sinistro
1079 305 1206 348 adhuc
1250 307 1478 361 respondeat
1499 335 1510 356 ,
1560 312 1600 347 et
1651 304 1813 347 tertiam

549 377 679 429 igitur
713 375 772 415 sui
802 372 1005 424 sanguinis
1032 375 1193 424 'partem
1245 373 1422 423 dextro,
1472 370 1670 423 reliquam
1727 380 1823 422 pov,

553 443 706 481 tionem
745 435 899 477 sinistro
926 435 1033 478 ,sinui
1070 436 1232 487 tradat3
1278 445 1317 477 et
1368 437 1408 477 in
1459 434 1597 475 adulto
1650 432 1821 477 homine,

547 496 733 557 tandem,
755 509 850 543 =tota
884 498 955 540 soli
990 500 1132 541 dextro
1166 498 1269 540 finui
1306 500 1448 540 inserta
1469 529 1480 549 ‚
1508 509 1681 539 ,omnem
1721 496 1819 537 huic

552 568 669 607 suum
703 565 932 617 sanguinem
968 564 1182 617 relinquat.
1219 564 1404 605 Eundem
1441 573 1540 613 ergo
1570 562 1684 615 piane
1725 559 1821 601 fieri·

548 630 768 679 effictum,
801 626 876 669 acfi
914 639 1015 668 vena
1050 639 1148 668 caua
1183 628 1351 669 inferior
1373 656 1385 676 ‚
1420 627 1585 666 durante
1620 625 1704 665 vita
1740 623 1822 664 hoa

551 694 672 735 minis
695 724 706 744 ‚
740 704 792 732 ex
828 690 914 731 sinu
950 690 1105 733 sinistro
1131 723 1141 744 ,
1173 693 1239 733 cui
1286 690 1470 731 inseritur
1493 716 1505 738 ,
1536 692 1577 729 in
1627 689 1822 728 dextrum

550 766 894 812 transponeretur.
958 755 1078 811 Quod
1101 787 1112 808 ,
1145 767 1223 808 qua
1261 756 1414 796 ratione
1451 752 1516 794 fiat
1540 781 1551 801 ,
1605 752 1715 793 facile
1751 753 1815 791 in-

552 821 768 872 telligitur.
803 860 806 861 γ
836 819 901 859 Eo
932 820 1041 860 enim
1079 829 1263 872 tempore
1286 848 1298 870 ‚
1330 829 1413 868 quo
1445 816 1605 866 valuula
1640 815 1742 856 sinus
1768 814 1824 855 st-

551 885 663 926 nistri
698 895 748 922 ex
783 882 913 922 limbo
943 881 1106 923 orificii
1130 881 1302 930 sinistri,
1351 893 1473 933 quem
1514 880 1546 930 §.
1588 891 1655 929 19.
1696 878 1823 926 dixi,

553 947 748 991 enascitur
770 975 782 996 ‚
815 944 919 996 quod
957 945 1039 995 post
1075 946 1244 987 tertium
1279 945 1515 995 embryonis
1537 944 1710 988 mensem
1732 941 1825 984 ficri

554 1011 720 1058 iudico,
754 1008 829 1049 hoc
862 1005 1071 1047 orificium
1116 1009 1311 1059 angustari
1364 1019 1522 1060 quoque
1576 1018 1644 1058 per
1695 1007 1823 1059 ipsam

555 1073 770 1115 valuulam
806 1072 966 1125 incipit.
1052 1071 1234 1112 Valuulzr
1273 1071 1383 1111 enim
1436 1081 1486 1109 ex
1538 1069 1704 1119 limbo,
1752 1080 1826 1109 ceu

554 1137 633 1178 basi
670 1139 732 1177 sua
769 1167 781 1187 ‚
823 1135 983 1186 oblique
1012 1134 1146 1174 versus
1179 1145 1320 1174 arcum
1355 1133 1582 1180 adscendit,
1617 1133 1787 1184 adeoque
1816 1159 1829 1181 ,

556 1200 765 1251 orificium
790 1198 917 1248 magis
940 1198 1153 1250 magisque
1169 1196 1356 1248 tegendo,
1379 1196 1716 1246 eiusaperturam
1741 1196 1825 1234 mi-

558 1276 702 1304 norem
741 1262 876 1302 efficit.
933 1261 1028 1300 lnde
1064 1272 1164 1311 ergo
1199 1261 1327 1300 maior
1366 1257 1567 1308 sanguinis
1603 1257 1739 1310 portio
1758 1270 1827 1309 pet

557 1328 750 1368 dextrum
795 1323 1003 1365 orificium
1058 1325 1115 1364 ire
1164 1321 1362 1375 cogitur,
1415 1319 1701 1372 orificiumque
1752 1319 1830 1363 hoc

556 1392 749 1431 dextrum
783 1389 956 1434 dilatat,
991 1396 1031 1426 et
1067 1388 1262 1444 parietem
1297 1387 1486 1427 dextrum
1522 1396 1645 1426 venae
1678 1383 1832 1424 valun-

558 1453 721 1506 lamque
756 1445 1048 1496 EVSTACHII
1070 1453 1218 1495 ,versus
1250 1452 1440 1491 dextrum
1477 1448 1606 1501 sinum
1634 1447 1831 1494 extendit.

559 1518 734 1573 Quando
766 1529 865 1557 vero
901 1514 1064 1556 valuula
1101 1514 1207 1554 sinus
1243 1514 1385 1554 sinistri
1418 1525 1470 1554 eo
1513 1524 1633 1566 vsque
1693 1512 1832 1553 incre-
1884 1551 1888 1555 ,

559 1584 657 1630 vit,
693 1591 735 1622 vt
769 1591 911 1621 arcum
948 1589 988 1619 et
1021 1579 1178 1631 septum
1216 1577 1376 1618 sinuum
1413 1578 1531 1630 supra
1568 1587 1706 1616 arcum
1745 1587 1827 1617 non

559 1646 682 1686 modo
715 1645 923 1695 attingat,
959 1643 1018 1684 sed
1053 1642 1225 1694 arripiat
1264 1653 1438 1693 quoque,
1474 1642 1592 1693 eique
1624 1644 1838 1688 accrescat,

565 1710 669 1762 quod
704 1708 746 1748 in
783 1709 932 1749 infante
973 1717 1105 1746 recens
1139 1715 1233 1745 nato
1267 1704 1353 1744 fieri
1400 1715 1546 1744 notum
1603 1703 1686 1752 est;
1741 1712 1833 1742 tum

566 1770 745 1819 valuula‚
765 1769 978 1811 orificium
1006 1768 1214 1810 sinistrum
1252 1767 1365 1820 plane
1399 1766 1665 1813 occludendo,
1684 1776 1833 1804 vnum·

561 1848 639 1890 que
677 1846 772 1876 cum
826 1844 916 1873 arcu
961 1834 1162 1885 ,parictem
1218 1831 1525 1876 constituendo,
1574 1829 1732 1874 efficit,
1787 1836 1834 1866 vt

562 1899 719 1951 sanguis
752 1909 856 1938 nunc
888 1897 1022 1936 omnis
1055 1897 1159 1935 inter
1189 1906 1331 1935 arcum
1383 1902 1423 1932 et
1474 1892 1678 1931 valuulam
1730 1884 1834 1934 Ev-

564 1959 999 2008 STACHn-tranfine,
1052 1959 1338 2009 valuulamque
1387 1950 1680 1999 EVSTACHII
1734 1966 1834 1995 cum

562 2029 867 2081 parietevenae
903 2025 1048 2065 dextro
1080 2023 1333 2062 dextrorsum
1369 2023 1495 2070 magis
1517 2049 1528 2069 ‚
1562 2025 1701 2059 arcum
1735 2029 1833 2072 vero

565 2103 660 2131 cum
694 2093 804 2141 septo
833 2089 1001 2130 ⁴sinuum
1037 2086 1300 2129 sinistrorsum
1339 2084 1460 2126 simul
1505 2083 1716 2136 dispellere
1763 2092 1832 2121 co·

567 2164 687 2207 gatur
716 2185 728 2207 ,
777 2154 908 2208 adeo,
959 2161 1005 2195 vt
1041 2151 1213 2206 .septum
1258 2149 1443 2193 finuum.
1469 2148 1512 2190 in
1562 2147 1669 2190 idem
1711 2155 1835 2188 ,cum

1679 2208 1832 2262 pariete
