2012 2724
553 227 648 268 374
847 209 929 253 DE
965 205 1280 253 FORAMINE
1313 204 1510 255 ovant

550 335 718 376 remota,
735 334 775 369 et
809 326 849 367 in
885 323 1034 380 pariete
1066 323 1212 366 dextro
1253 335 1377 366 venae
1422 336 1540 367 cauae
1581 322 1810 375 inferioris,'

548 394 615 435 cui
648 391 866 439 adhaeret,
899 388 1075 428 definere
1110 389 1351 429 inueniatur.
1422 389 1554 430 Huius
1588 389 1680 430 loco
1710 400 1811 429 vero

547 459 590 497 in
630 455 779 506 pariete
810 453 1022 505 posteriori
1056 465 1179 494 venae
1209 464 1327 493 cauae
1346 453 1542 493 inferioris
1561 454 1672 494 fouea
1702 464 1809 492 nunc

547 518 715 566 existit,
749 515 816 557 vel
848 518 1083 565 excauatio‚
1119 516 1226 557 haud
1262 517 1486 570 profunda,
1539 527 1639 570 quae
1672 515 1815 557 oblon-

549 593 622 634 gae
657 581 739 621 siue
769 589 911 622 ouatae
941 579 1097 632 figurae
1129 593 1254 633 eoque
1292 580 1414 620 modo
1468 580 1590 635 posita
1639 579 1691 620 est
1713 609 1725 629 ‚
1773 586 1820 617 vt

552 647 749 686 verticem
794 646 948 685 sursum
998 643 1197 685 directum
1254 642 1423 694 habeat,
1469 653 1510 684 et
1559 640 1821 686 eminentiori

557 719 671 762 parte
705 708 811 749 sinus
842 707 973 748 dextri
1017 708 1197 760 superius
1247 707 1535 750 circumdatur.
1617 708 1722 748 Haec
1757 717 1825 746 ex-

558 774 714 813 cauatio
746 784 844 824 ergo
867 803 877 821 ‚
913 774 1014 811 inter
1047 772 1347 812 extremitatem
1381 781 1486 811 nunc
1522 771 1708 811 dextram
1740 771 1830 809 val-

558 829 1001 878 vulae'EvsTACHn
1037 845 1078 875 et
1109 846 1199 875 crus
1249 834 1441 888 posterius
1488 845 1601 876 arcus
1652 835 1832 885 interpo-

560 898 632 940 fita
653 930 665 948 ‚
699 899 739 938 in
775 899 848 938 hac
885 898 1090 950 posteriori
1125 898 1288 948 regione
1322 909 1468 938 venam
1512 909 1681 940 canuam
1734 898 1829 937 infe-

563 961 718 1003 riorem
750 973 770 999 a
805 961 892 1000 sinu
926 962 1070 999 dextro
1103 960 1309 1008 distinguit
1340 990 1351 1008 ‚
1382 961 1511 1008 adeo,
1544 972 1590 1001 vt
1624 962 1832 1001 excauatio

563 1025 645 1078 ipsa
681 1034 762 1064 tota
797 1023 843 1062 ad
880 1033 1024 1062 venam
1050 1052 1061 1072 ‚
1096 1021 1242 1061 limbus
1285 1025 1370 1060 eius
1422 1025 1597 1073 superior
1649 1027 1832 1065 eminens

571 1088 619 1128 ad
658 1087 789 1128 finum
826 1088 906 1126 iam
945 1087 1152 1135 pertineat.
1218 1083 1282 1123 Sic
1317 1082 1438 1123 latere
1470 1085 1614 1126 dextro
1648 1097 1686 1125 et
1720 1096 1833 1125 ante-

566 1152 669 1192 riori
721 1148 884 1188 valuula
943 1141 1267 1200 EVSTACHn,
1318 1146 1471 1187 sinistro
1522 1149 1642 1189 latere
1692 1159 1836 1194 arcus,

571 1213 764 1268 posterius
796 1222 891 1251 vero
924 1211 1038 1250 fouea
1073 1219 1112 1249 et
1148 1210 1296 1249 limbus
1328 1220 1417 1248 eam
1454 1210 1723 1262 circumdans,
1749 1212 1839 1252 ori-

568 1276 714 1319 ficium
751 1285 873 1316 venae
916 1284 1033 1314 cauae
1089 1273 1283 1314 dextrum
1339 1271 1381 1312 in
1430 1272 1567 1314 adulto
1620 1272 1841 1321 efficiunt.

569 1349 797 1392 venamque
847 1351 868 1379 a
921 1336 1007 1377 sinu
1059 1336 1341 1389 distinguunt3
1391 1347 1490 1376 cum
1536 1336 1578 1376 in
1621 1338 1726 1377 foetu
1761 1337 1840 1377 sola

573 1399 860 1450 EVSTACHH
895 1401 1064 1445 valuula
1101 1413 1179 1443 vna
1215 1413 1313 1442 cum
1347 1411 1440 1441 arcu
1477 1400 1585 1441 idem
1631 1401 1843 1450 efficeret,

577 1482 803 1522 venamque
836 1482 856 1510 a
891 1467 976 1510 sinu
1010 1468 1279 1519 distingueret.
1352 1464 1428 1506 Vti
1463 1474 1667 1506 caeterum
1711 1475 1848 1505 extre·

577 1533 720 1575 mirate
775 1533 914 1574 dextra
965 1533 1127 1573 valuula
1177 1524 1466 1575 EVSTACHII
1527 1531 1667 1584 parieti
1718 1540 1845 1569 venae

581 1600 729 1640 dextro
765 1598 805 1638 in
839 1596 978 1638 adulto
1010 1595 1193 1637 adhaeret
1215 1625 1225 1644 ‚
1262 1597 1313 1635 ita
1347 1594 1506 1635 sinistra
1531 1595 1660 1635 limbo
1679 1593 1847 1648 partim,

575 1673 660 1716 quo
710 1661 922 1702 orificium
985 1672 1108 1701 venae
1162 1659 1392 1700 coronariae
1457 1658 1636 1710 cingitur
1674 1687 1687 1709 ‚
1745 1655 1846 1696 vlti-

580 1735 730 1777 moque
779 1725 859 1766 fine
907 1725 976 1764 suo
1034 1721 1107 1776 ipsi
1160 1723 1268 1761 cruri
1317 1724 1439 1762 etiam
1491 1721 1682 1762 anteriori
1736 1727 1849 1759 arcus

579 1789 768 1839 affigitur.
852 1786 1029 1828 Nullum
1064 1785 1229 1826 dubium
1267 1797 1367 1836 ergo
1403 1785 1486 1832 est,
1530 1785 1625 1837 quin
1677 1794 1848 1824 excaud-

583 1854 644 1894 tio
694 1851 760 1892 illa
819 1851 858 1890 in
909 1853 1072 1890 summo
1123 1852 1273 1902 pariete
1328 1848 1533 1901 posteriori
1581 1859 1702 1889 venae
1736 1856 1852 1886 cauae

589 1917 789 1956 inferioris
823 1916 868 1953 ab
901 1917 1042 1955 eodem
1085 1913 1282 1965 copiosius
1327 1912 1498 1952 adduc'to
1548 1922 1588 1951 et
1645 1920 1853 1962 premente

586 1980 775 2030 sanguine
811 1979 1011 2029 pendeat,
1063 1989 1144 2029 quo
1175 1987 1213 2015 et
1251 1976 1443 2029 posterior
1474 1975 1711 2014 extremitas
1765 1973 1853 2013 val-

590 2044 708 2083 vuiae
741 2036 1032 2085 EVSTACHII
1062 2041 1279 2091 aboletur3
1329 2051 1366 2078 et
1399 2039 1497 2091 quin
1535 2038 1636 2079 iilud
1691 2038 1852 2090 quidem

593 2106 662 2146 fiat
693 2137 703 2153 ‚
738 2109 963 2157 priusquam
999 2103 1235 2144 extremitas
1292 2104 1484 2157 posterior
1528 2101 1712 2143 valuulae
1762 2093 1857 2142 EV-

597 2179 800 2213 STACHH
835 2169 971 2218 ccffit,
1004 2181 1132 2221 quae,
1182 2169 1376 2219 quamdiu
1424 2166 1587 2216 existit,
1636 2177 1686 2205 eo
1735 2165 1859 2210 magis

597 2234 850 2287 impediendo
883 2234 1056 2275 liberum
1092 2232 1293 2284 (anguinis
1326 2231 1584 2278 adiccnsum,
1635 2229 1719 2266 eius
1756 2225 1861 2276 prei-

1707 2287 1858 2328 sionem
