2012 2724
537 222 624 275 '512
784 240 790 243 -
880 213 963 256 DE
999 208 1258 256 CIRCVLO
1293 209 1439 254 rixo

530 328 814 385 antiquissimis
850 326 1031 368 maxime
1066 326 1266 368 incertam
1300 325 1372 368 esse
1405 325 1556 367 debere.
1621 321 1664 366 Si
1687 325 1799 367 enim

527 398 593 441 his
629 393 879 448 temporibus
914 391 1124 433 inclinatio
1166 393 1394 445 cuiuspiam
1440 389 1619 444 planetae
1673 392 1802 431 maior

527 462 717 504 minorue
751 458 881 498 fuisset
915 467 1035 510 quam
1072 455 1190 499 hodie
1224 454 1680 509 deprelienditur,nihil
1702 455 1801 496 certi

529 525 749 574 nequidem
783 534 836 563 ex
871 520 1209 565 occultationibus
1245 520 1448 562 stellarum
1487 519 1666 560 fixarum
1720 519 1802 561 illis

528 588 784 644 temporibus
815 587 1117 627 obseruatarum
1153 586 1341 628 concludi
1378 585 1560 639 poterit3
1596 584 1702 624 vnde
1738 584 1802 624 in-

528 652 866 707 telligitur‚liaiic
900 652 1233 693 incertitudinem
1268 651 1392 692 etiam
1415 652 1454 690 in
1480 660 1639 690 motum
1675 648 1805 690 nodo⁴

527 730 622 760 rum
659 718 843 759 maxime
879 716 1105 758 redundare.
1170 716 1233 758 Ex
1267 727 1348 769 quo
1385 723 1521 769 patet,
1551 714 1802 753 astronomos

528 785 762 826 etiamnunc
799 784 898 823 circa
936 781 1012 821 hoc
1046 793 1337 834 argumentum
1373 778 1412 817 in
1434 777 1701 820 Astronomia
1725 777 1805 817 vti-

527 862 606 902 que
645 847 818 888 maximi
857 847 1063 887 momenti
1099 849 1140 887 in
1194 844 1436 899 grauiffimis
1490 842 1660 884 tenebris
1712 853 1805 882 ver-

526 914 615 954 sari.

660 974 695 1023 ξ.
733 986 775 1023 4.
808 972 847 1015 Si
871 973 1034 1027 quidem
1070 971 1363 1025 ecliptica‚vti
1399 983 1543 1011 omnes
1566 970 1805 1011 Astronomi

527 1035 622 1082 v'ar‘ite
658 1039 733 1079 hac
770 1042 860 1079 lunt
895 1036 1112 1086 arbitrati,
1147 1037 1187 1077 in
1226 1035 1340 1077 cosslo
1383 1046 1580 1091 perpetuo
1631 1036 1803 1073 eundem

528 1104 669 1145 locum
705 1113 952 1155 occuparet:
984 1102 1156 1140 rationes
1190 1113 1268 1139 non
1305 1099 1510 1148 deessent,
1546 1110 1617 1137 cur
1654 1100 1709 1136 ori
1730 1099 1806 1137 itiie

531 1168 787 1224 planetarum
825 1170 983 1216 iemper
1017 1161 1185 1203 candem
1222 1161 1526 1202 inclinationem
1558 1163 1603 1200 ad
1638 1162 1808 1212 eclipti-

531 1245 623 1278 cam
661 1228 893 1276 seruarent,
926 1240 1007 1267 non
1043 1226 1215 1267 obstante
1250 1237 1395 1265 eorum
1433 1223 1590 1263 ustione
1635 1232 1776 1263 mutua
1800 1253 1812 1275 ,

530 1298 693 1351 proi-ius
731 1295 792 1334 vti
831 1292 1041 1332 inclinatio
1075 1290 1204 1330 media
1240 1291 1390 1331 orbitae
1427 1288 1577 1328 lunaris
1611 1289 1657 1328 ad
1680 1287 1809 1341 eclip-

531 1362 655 1409 ticam
693 1359 810 1399 omni
846 1366 1031 1409 tempore
1064 1355 1200 1396 eadem
1254 1355 1306 1395 est
1355 1354 1568 1398 obseruata.
1652 1352 1808 1392 Verum

529 1436 627 1483 crim
664 1436 768 1464 nunc
802 1421 964 1468 Quidem
1004 1419 1166 1461 nullum
1201 1419 1377 1473 :implius
1410 1419 1578 1459 dubium
1612 1415 1810 1470 supersit,

532 1492 644 1544 quin.
670 1487 880 1540 obliquitas
922 1485 1131 1537 eclipticac
1173 1484 1218 1524 ab
1269 1483 1553 1537 antiquiffimis
1609 1481 1810 1534 tempori-

526 1552 603 1597 ‘bus
644 1553 849 1603 ingentem
886 1549 1207 1590 diminutionem
1256 1547 1303 1588 fit
1358 1549 1493 1599 paria,
1541 1554 1661 1599 atque
1715 1544 1810 1585 hinc

523 1618 656 1660 'etiam
680 1616 880 1668 insignem
901 1613 1178 1654 alterationem
1211 1624 1288 1650 non
1325 1613 1456 1652 solum
1494 1611 1532 1650 iii
1554 1609 1811 1660 longitudine

536 1683 740 1726 stellarum
777 1680 955 1720 fixarum
983 1707 994 1727 ‚
1028 1677 1085 1718 sed
1129 1678 1253 1716 etiam
1311 1675 1349 1714 in
1401 1687 1542 1715 earum
1599 1674 1810 1714 latitudine

526 1743 608 1788 ²effe
628 1755 778 1786 ortam:
811 1755 972 1784 cerium
1009 1741 1180 1781 omnino
1199 1739 1527 1793 eil‚eclipticzim
1552 1735 1671 1776 hodie
1690 1737 1811 1786 longe

530 1808 665 1853 'aliurn
707 1808 827 1848 situm
863 1808 968 1847 inter
1006 1804 1129 1846 stellas
1163 1802 1261 1843 fixas
1296 1815 1486 1854 occupare
1531 1812 1651 1852 quam
1704 1802 1813 1840 secu-
1877 1842 1880 1845 Δ

539 1875 589 1917 lis
645 1871 934 1926 praeterlapfis.
1009 1870 1138 1926 Quare
1168 1880 1262 1908 cum
1300 1867 1397 1907 solae
1430 1865 1558 1906 st.11·.ie
1594 1863 1697 1904 fixae
1736 1875 1816 1904 no-

537 1942 596 1982 bis
631 1940 670 1978 in
707 1937 818 1978 coelo
854 1938 936 1977 loca
973 1946 1109 1975 reuera
1145 1932 1223 1972 fixa
1259 1932 1446 1971 exhibere
1482 1929 1559 1968 sint
1586 1929 1814 1977 censendae,

541 2005 568 2046 si
607 2003 769 2057 quidem
809 2001 904 2041 liine
942 2013 1021 2039 non
1058 1997 1186 2039 nullas
1223 1996 1351 2037 stellas
1393 1994 1615 2049 peculiares
1666 1993 1815 2033 exem--

541 2070 709 2116 damus,
747 2067 786 2106 in
823 2066 965 2119 quibus
1001 2062 1241 2104 Astronomi
1278 2062 1479 2114 quandam
1535 2057 1808 2098 mutationem

542 2134 825 2174 obseruarunt:
858 2128 1083 2171 certissimis
1131 2126 1347 2169 rationibus
1389 2126 1468 2164 iarn
1508 2123 1558 2163 est
1601 2120 1813 2171 euistum,

543 2195 786 2250 positionem
824 2196 1033 2251 ecliptieae
1069 2194 1111 2235 in
1146 2191 1259 2232 coelo
1295 2190 1440 2242 insigni
1478 2186 1700 2228 mutationi
1739 2185 1811 2224 effe

1763 2247 1816 2288 ob
