2012 2724
461 208 544 253 DE
581 203 907 252 FORAM1NE
939 205 1136 249 ovAu.
1347 214 1433 260 381

163 324 320 370 finistro
353 334 476 366 venae
515 323 682 378 planum
716 319 949 370 redigatur,
984 329 1197 375 vnumque
1232 332 1332 362 cum
1366 333 1439 364 eo-

162 393 255 433 dem
292 388 524 431 verticalem
559 387 756 441 parietem
792 383 1020 428 constituar.
1086 385 1180 440 Quo
1215 386 1301 440 ipso
1333 397 1434 439 ergo

166 463 250 496 tota
284 465 383 495 vena
420 463 520 495 caua
553 451 714 492 inferior
747 447 791 488 in
825 447 1021 489 dextrum
1057 448 1192 491 sinum
1246 450 1437 506 transpo-

164 519 290 560 nitur.
625 550 628 553 .
1450 528 1452 530 ·

316 582 346 631 ξ.
383 593 449 623 21.
484 577 675 633 Denique
707 577 920 621 valuulam
940 589 1100 633 quoque
1119 572 1434 624 EVSTACHII
1448 588 1502 622 De
1526 585 1653 622 Valuu·

163 657 214 686 ex
245 645 384 687 iisdem
434 652 475 684 et
525 643 734 697 imprimis
783 644 862 684 illis
914 644 1289 697 obseruationibus,
1336 638 1477 700 quas'¹³
1504 640 1653 672 Evsm-

166 709 202 757 ξ.
246 721 306 757 19.
345 706 495 755 retuli,
531 708 649 760 paulo
685 707 841 762 plenius
876 709 1165 760 cognoscimus,
1251 711 1310 752 Ea
1355 723 1433 750 non
1449 700 1652 776 Sgtlttioan-

164 773 206 812 in
241 772 388 811 infante
423 783 555 811 recens
592 782 720 822 nato,
755 771 891 812 multo
928 773 1061 812 minus
1097 774 1137 813 in
1170 775 1340 823 adulto,
1376 775 1438 815 sed
1578 764 1588 775 ⁸

161 835 203 876 in
256 833 477 887 embryone
541 837 767 885 trimestri,
799 836 1012 876 summum
1046 837 1134 875 suae
1185 837 1439 889 perfecitionis

158 897 333 950 gradum
382 898 553 950 attigiss‘e
605 902 745 952 putari
796 900 921 939 debet.
1024 898 1108 938 Hac
1161 902 1274 940 enim
1331 901 1441 942 vitae

157 961 326 1017 periodo
388 962 656 1016 proportione
716 961 968 1014 reliquarum
1038 962 1218 1014 partium
1289 964 1439 1004 maiori

159 1023 443 1076 magnitudine
496 1026 644 1077 gaudet
681 1054 693 1075 ‚
755 1037 878 1079 quam
933 1023 1022 1066 vilo
1076 1026 1161 1078 post
1209 1024 1304 1068 haec
1357 1026 1439 1069 alio

160 1100 350 1143 tempore
376 1121 387 1141 ‚
421 1100 461 1131 et
495 1088 671 1141 figuram
726 1089 972 1142 lingularem
1025 1088 1244 1142 oblongam
1296 1089 1437 1144 habet,

158 1166 279 1209 quam
315 1154 348 1203 ξ.
391 1167 458 1203 19-
496 1153 689 1207 descripsi.
764 1155 828 1192 Ab
861 1153 941 1194 hoc
999 1161 1183 1206 tempore
1235 1158 1436 1197 continuo

158 1218 387 1267 imminui,
422 1216 637 1269 imprimis
687 1228 708 1256 a
757 1216 880 1256 fundo
930 1219 1001 1257 suo
1034 1218 1169 1258 versus
1205 1219 1435 1270 marginem

156 1281 334 1324 liberum
394 1281 559 1321 breuior
614 1278 748 1330 fieri,
799 1279 1044 1333 infimulque
1096 1279 1268 1333 figuram
1322 1283 1434 1322 suam

161 1343 321 1386 mutare
358 1344 536 1397 incipit,
570 1356 668 1397 quae
701 1344 742 1384 in
794 1345 905 1385 foetu
958 1353 1122 1385 maturo
1175 1344 1438 1385 semilunaris

158 1411 238 1450 sere
271 1408 351 1448 iam
386 1408 471 1459 est,
511 1410 636 1450 modo
669 1418 716 1448 vt
763 1406 882 1449 latior
933 1408 1067 1447 adhuc
1106 1408 1152 1448 sit
1185 1421 1207 1448 a
1252 1410 1437 1461 margine

161 1483 350 1516 connexo
386 1472 432 1513 ad
466 1472 724 1522 concauu'm3
776 1483 872 1512 cum
911 1472 953 1512 in
989 1469 1130 1513 adulto
1170 1470 1307 1513 multo
1345 1486 1436 1526 pro-

161 1537 350 1592 portione
384 1536 588 1587 angustior
621 1537 725 1587 effe,
761 1545 800 1576 et
834 1536 943 1589 saepe
980 1547 1140 1577 merum
1172 1535 1437 1578 filamentum

159 1599 270 1655 quasi
305 1599 599 1641 semicirculare
633 1601 774 1640 referre
813 1600 942 1643 soleat.
981 1600 1141 1641 Scilicet
1164 1630 1176 1651 ,
1211 1601 1309 1640 dum
1331 1603 1437 1642 circa

162 1666 328 1705 tertium
354 1695 365 1716 ,
399 1677 518 1718 quem
555 1663 674 1714 dixi,
707 1663 942 1716 embryonis
981 1667 1160 1706 mensem
1207 1664 1436 1705 absolutum

159 1740 209 1768 ex
243 1729 431 1780 margine
462 1727 613 1769 orificii
648 1740 771 1768 venae
802 1740 918 1768 cauae
955 1729 1096 1770 sinistri
1119 1760 1129 1779 ,
1181 1729 1253 1781 qui
1295 1729 1434 1770 hac'ie-

160 1804 234 1832 nus
272 1792 368 1832 liber
403 1793 511 1842 fuit,
546 1790 712 1832 valuula
748 1791 866 1832 huius
899 1792 1051 1834 orificii
1083 1793 1297 1844 enascitur,
1333 1805 1434 1847 quae

158 1855 273 1896 omni
307 1855 480 1909 respectu
516 1856 704 1898 valuulae
754 1850 1045 1902 EVSTACHII
1097 1859 1301 1899 contraria
1350 1859 1436 1909 est,

160 1931 209 1958 eo
242 1919 354 1970 ipso,
390 1921 496 1972 quod
531 1920 628 1962 haec
662 1919 828 1962 valuula
871 1922 1081 1964 orificium
1136 1924 1253 1963 suum
1305 1933 1434 1972 angu-

159 1983 258 2022 stare
281 2010 293 2030 ,
327 1983 640 2036 sanguinemque
673 1995 724 2023 ex
760 1997 861 2026 vena
894 1998 988 2027 caua
1020 1986 1318 2027 adscendentem
1346 1996 1435 2024 ma-

165 2047 226 2092 gis
264 2048 472 2097 magisque
506 2048 638 2087 versus
669 2048 862 2090 dextrum
897 2049 1109 2091 orificium
1146 2058 1185 2088 et
1220 2046 1432 2087 vuluulam

162 2103 451 2153 EVSTACHII
504 2109 752 2164 compellere
806 2114 972 2166 incipiat
1010 2128 1022 2162 ς
1091 2111 1166 2151 hoc
1221 2110 1430 2151 orificium

161 2174 355 2216 dextrum
394 2185 555 2228 qnoque
589 2173 778 2225 dilatare,
806 2176 1099 2231 valuulamque
1133 2167 1429 2220 EVSTACHII

758 2239 878 2282 Bbb
915 2253 938 2292 3
1297 2240 1434 2296 repri-
