2012 2724
519 148 614 195 273
703 142 786 187 DE
823 134 1233 183 D11vD1CANDA
1272 134 1612 182 FIRMITATE

527 266 663 301 xzc
694 252 900 294 extensum
938 248 1134 302 praebebit
1172 257 1306 290 totum
1347 257 1606 290 momentum
1645 247 1800 289 virium

527 321 667 372 quibus
701 316 801 356 trabs
838 315 1017 368 ruptioni
1047 314 1207 361 resistit,
1242 314 1346 362 quod
1365 325 1463 365 ergo
1483 314 1560 353 etit
1587 311 1805 361 :3Lbcon

529 383 647 437 Quae
688 378 885 432 expreffio
918 390 1015 419 cum
1059 379 1208 419 constet
1243 388 1416 430 quatuor
1468 377 1809 429 dimensionibus,

530 455 667 488 ternae
700 444 945 497 exprimunt
992 442 1153 495 aliquod
1206 442 1442 493 volumen,
1491 454 1607 482 cuius
1658 446 1808 496 pondus

525 510 574 551 vi
609 507 864 562 abrumpenti
900 516 1126 559 aequatur,
1157 514 1297 559 quarta
1333 517 1432 546 vero
1465 505 1664 547 dimenslo
1689 505 1811 546 exhi—

530 574 595 615 bet
630 573 930 624 longitudinem
969 568 1126 618 vetstis,
1162 582 1236 622 qua
1274 568 1340 608 ista
1373 570 1434 610 vis
1453 580 1653 623 operatur.
1690 569 1809 624 Quod

536 637 565 678 st
601 647 699 687 ergo
736 635 832 677 haec
869 638 971 677 trabs
1003 646 1024 673 a
1060 633 1180 673 tantis
1216 633 1370 672 viribus
1406 633 1662 683 sollicitetur,
1713 647 1814 689 qua-

536 709 634 741 rum
673 709 938 741 momentum
976 697 1152 750 respetstu
1190 695 1326 750 puneli
1365 694 1402 737 C
1441 701 1596 750 luperct
1633 697 1812 739 valorem

535 764 733 806 formulae
765 762 952 815 {Lbcc
978 791 989 814 ,
1020 762 1125 803 trabs
1157 761 1198 802 in
1235 760 1312 802 hoc
1348 758 1440 802 loco
1488 769 1598 802 certe
1646 763 1815 803 abrum-

537 836 674 883 petur.

695 890 726 939 §.
767 902 835 930 12.
871 889 992 945 Quod
1027 889 1055 929 fi
1091 890 1173 930 iam
1211 889 1250 928 in
1306 889 1476 930 modulo
1522 890 1600 931 hae
1653 890 1819 934 dimen-

544 955 669 998 fiones
697 952 719 994 b
752 963 792 993 et
826 966 847 993 c
881 958 1108 995 referuntur
1145 954 1190 992 ad
1227 950 1398 1002 singulas
1433 955 1680 1005 trabeculas,
1715 969 1821 1010 qua-

551 1032 645 1061 rum
680 1017 854 1058 firmitas
889 1018 1071 1071 ruptioni
1105 1015 1276 1056 resistere
1311 1015 1435 1065 debet3
1472 1029 1545 1068 pro
1580 1019 1665 1070 ipso
1704 1031 1823 1070 ponte

548 1093 684 1125 autem
720 1080 874 1121 litterae
905 1079 939 1120 B
973 1089 1011 1120 et
1047 1080 1081 1120 C
1135 1077 1284 1119 ssmiles
1332 1079 1597 1119 dimensiones
1646 1082 1821 1121 trabium

550 1148 692 1201 quibus
725 1145 874 1184 constat
917 1143 1186 1196 exprimant,
1237 1140 1395 1180 virium
1448 1153 1680 1194 mon-enta,
1730 1145 1827 1197 qui-

549 1212 621 1252 bus
656 1219 738 1250 tam
776 1207 991 1255 moduluS,
1025 1217 1148 1259 quam
1184 1204 1264 1258 ipsc
1299 1215 1398 1254 pons
1434 1204 1615 1245 srae'tioni
1652 1207 1825 1249 resistant

553 1277 660 1316 inter
695 1273 730 1313 se
764 1281 887 1312 erunt
920 1280 966 1312 vt
999 1270 1096 1311 hcc
1130 1270 1177 1310 ad
1213 1265 1247 1307 B
1268 1265 1306 1308 C
1328 1265 1376 1307 C.
1448 1269 1473 1306 Ν
1488 1269 1525 1307 bi
1545 1270 1745 1310 obseruari
1764 1273 1830 1311 de·

553 1340 618 1379 bet
641 1365 652 1386 ,
686 1335 889 1377 :ustionem
922 1335 1078 1375 virium
1116 1336 1158 1374 in
1190 1343 1287 1372 eum
1333 1330 1493 1374 tendere
1540 1332 1692 1373 sensum
1720 1365 1732 1384 ‚
1783 1343 1831 1376 vt

555 1402 680 1444 trabes
715 1399 929 1441 secundum
966 1394 1185 1439 'crassitiem
1238 1394 1331 1437 AC
1383 1408 1573 1450 rumpere
1619 1410 1832 1439 conentur.

558 1467 600 1510 Si
634 1464 745 1504 enim
778 1462 992 1506 secundum
1030 1461 1289 1503 latitudinem
1311 1492 1323 1512 ,
1356 1471 1478 1511 quam
1515 1462 1706 1515 ponimus
1745 1460 1831 1505 :b

563 1531 652 1572 vim
684 1528 795 1570 suam
829 1536 1052 1578 exererent,
1086 1534 1294 1567 momenta
1331 1526 1487 1566 virium
1523 1525 1628 1567 inter
1648 1530 1684 1569 se
1702 1529 1833 1568 forent

563 1604 609 1635 vt
643 1591 746 1634 bbc
781 1592 826 1632 ad
862 1590 1017 1634 BBC.

717 1655 749 1702 §.
791 1669 861 1706 13·
896 1656 960 1697 Sit
993 1667 1100 1696 nunc
1136 1653 1350 1706 longitudo
1386 1654 1543 1694 moduli
1576 1668 1683 1704 za,
1714 1654 1838 1708 ipsius

568 1719 704 1776 pontis
734 1728 870 1758 autem
905 1722 1048 1770 :A3
1087 1728 1174 1758 tum
1211 1730 1310 1759 vero
1349 1717 1509 1756 denotet
1550 1730 1579 1757 v
1633 1720 1838 1757 summam

567 1784 763 1826 omnium
815 1782 974 1823 virium
1007 1813 1020 1833 ‚
1074 1792 1171 1834 quas
1227 1777 1414 1821 modulus
1465 1780 1647 1821 sustinere
1699 1780 1840 1828 valet,

574 1848 674 1904 quin
711 1857 963 1902 rumpatur,
1002 1844 1135 1887 littera
1188 1856 1286 1884 vero
1336 1844 1370 1882 V
1423 1843 1584 1893 denotet
1634 1848 1839 1885 lummam

575 1911 765 1954 omnium
804 1912 994 1963 virium,
1028 1920 1201 1964 quarum
1256 1907 1406 1948 actioni
1456 1909 1688 1949 etiamnunc
1739 1907 1839 1948 refi-

578 1977 676 2017 stere
713 1974 853 2016 valet:
903 1984 1077 2027 vtroque
1111 1982 1246 2014 autem
1291 1972 1375 2012 cusu
1411 1984 1552 2013 omnes
1602 1975 1688 2015 istas
1739 1973 1843 2012 vires

577 2038 702 2082 simili
738 2041 859 2080 modo
892 2051 962 2094 per
1014 2047 1141 2080 totam
1194 2035 1494 2088 longitudinem
1548 2047 1634 2078 tam
1683 2035 1844 2077 moduli

584 2114 707 2158 quam
746 2103 868 2159 ipsius
901 2104 1036 2161 pontis
1067 2103 1289 2145 distributas
1323 2101 1394 2141 esse
1427 2102 1705 2157 supponimus.
1749 2095 1844 2152 Quo

1711 2162 1840 2218 posito
