2012 2724
556 199 619 239 40
985 177 1411 238 ·›z‹2·.ss(0>}·÷=2-·

709 298 900 353 Denique
932 308 1016 352 quo
1049 308 1148 352 pons
1181 294 1467 351 impetuofitati
1502 303 1723 340 ventorum
1767 312 1834 344 re.

559 367 692 410 sistere
726 374 880 419 queat,
909 371 1069 402 tantum
1099 372 1203 416 opus
1235 361 1288 402 est
1312 393 1324 413 ‚
1360 372 1405 403 vt
1442 362 1633 404 modulus
1667 361 1701 401 ei
1737 364 1835 405 resi·

557 433 664 479 ssat,
715 427 1042 484 quandoquidem
1097 424 1294 479 impulsio
1344 427 1456 468 venti
1509 425 1739 480 superficiei
1791 429 1833 469 in

559 507 682 548 quam
718 496 802 545 agit
831 493 885 534 est
923 490 1274 546 proportionalis;
1305 502 1426 544 quam
1463 492 1671 533 rationem
1710 494 1837 534 etiam

560 559 738 600 firmitas
770 559 981 610 sequitur,
1020 569 1096 608 qua
1150 554 1335 596 maehina
1389 566 1513 597 vento
1567 553 1722 597 resistit.
1790 555 1835 598 Si

558 634 697 666 autem
734 622 920 662 modulus
956 630 1081 660 vento
1122 630 1202 658 non
1254 619 1341 658 satis
1393 619 1570 668 resistat,
1620 618 1718 660 huic
1766 621 1837 661 de·

562 688 685 730 feetui
721 685 835 727 facile
864 684 1124 734 occurritur,
1164 683 1266 723 dum
1311 682 1488 727 latitudo
1539 683 1715 726 trabium
1764 696 1837 726 au-

561 761 696 806 getur.

1159 836 1234 896 V.

566 976 661 1038 De
708 972 940 1054 gemina
984 967 1272 1030 methodo
1307 981 1423 1029 tam
1447 969 1838 1050 aequilibrium

610 1080 781 1142 quarn
840 1068 1067 1116 motum
1112 1076 1416 1138 corporum
1464 1054 1794 1115 flexibilium

676 1140 1100 1205 determinandi
1134 1153 1196 1200 et
1239 1144 1528 1222 Vtriusque
1571 1161 1734 1225 egre-

994 1229 1095 1308 gio
1138 1226 1423 1287 consensu.

693 1361 959 1423 Aueiore
1012 1361 1081 1422 L.
1139 1361 1351 1422 Euiero
1394 1381 1523 1444 pag.
1570 1358 1705 1421 286.

572 1496 826 1609 Methodi
876 1506 1082 1555 diueriae,
1129 1507 1273 1559 quibus
1308 1516 1480 1549 vtuntur
1521 1506 1761 1551 Geometme
1798 1505 1841 1546 in

727 1570 967 1610 scioluendis
1004 1571 1216 1622 praecipue
1249 1572 1537 1623 quaestionibus
1573 1570 1841 1621 mechanicis,

573 1636 862 1686 saepenumero
917 1632 1201 1673 controuersiis
1256 1635 1388 1673 ansam
1444 1635 1689 1686 praebuere,
1740 1647 1840 1686 quae

568 1699 753 1749 deinceps
775 1725 786 1745 ‚
823 1697 935 1738 rebus
969 1697 1096 1736 debita
1127 1698 1348 1737 attentione
1385 1697 1614 1750 perpensis,
1675 1697 1841 1736 ceffinte

569 1760 801 1803 diuersitate
852 1761 1058 1802 cessarunt,
1154 1761 1234 1801 Hac
1271 1762 1408 1801 cadem
1443 1764 1566 1803 forsan
1623 1761 1727 1801 sorte
1774 1762 1843 1802 ob-

572 1828 694 1867 noxia
749 1824 878 1864 fuiffet
931 1825 1107 1865 Theorin
1153 1825 1378 1877 aequilibrii
1429 1836 1466 1866 et
1520 1835 1654 1865 motus
1699 1838 1843 1879 corpo·

571 1902 670 1932 rum
719 1887 993 1940 flexibilium‚
1047 1887 1117 1929 nisi
1172 1890 1345 1930 diuersae
1399 1889 1612 1937 methodi,
1663 1891 1710 1930 de
1751 1889 1843 1941 qui-

571 1955 643 1995 bus
679 1952 744 1993 hic
792 1954 922 1994 sermo
956 1954 1038 2004 cst,
1076 1952 1145 1992 vni
1187 1954 1408 2006 eodemque
1446 1953 1616 1994 Austori
1652 1954 1842 1994 deberen-

573 2028 655 2059 tur.
722 2015 967 2060 Methodum
1021 2016 1169 2058 icilicet
1202 2011 1482 2058 ‘vniuerffilem
1519 2017 1695 2070 figuram
1732 2017 1843 2057 inue-

573 2080 708 2123 niendi
731 2112 742 2130 ‚
776 2092 898 2133 quarn
934 2080 1051 2123 filum
1087 2079 1166 2121 fiue
1203 2082 1370 2134 perfec‘te
1407 2081 1540 2124 flexile
1580 2081 1662 2121 siue
1698 2092 1844 2121 vrcun-

575 2157 654 2201 que
689 2143 897 2187 elassicum
934 2147 1101 2189 induere
1136 2146 1247 2189 debet
1268 2176 1280 2198 ‚
1315 2156 1362 2188 vt
1397 2147 1437 2188 in
1471 2145 1711 2202 aequilibrio
1752 2156 1844 2184 ma-

1722 2219 1843 2256 neat)
