2012 2724
532 213 961 268 »ffiffloffis-ss·
1339 223 1401 264 47

124 334 231 378 miae
264 329 420 376 iudicio
447 362 458 382 ,
486 326 550 372 1111.
584 327 689 371 Dan.
728 326 917 370 Bernoulli
956 326 1130 382 retulit,
1181 339 1285 371 noua
1325 341 1400 370 re-

126 411 293 441 morum
329 397 451 450 {pecie
487 396 528 436 in
568 393 753 435 medium
788 394 940 448 prolata
966 424 978 445 ,
1016 406 1119 449 quae
1153 395 1278 436 remis
1314 393 1403 437 vsi-

126 465 219 506 tatis
251 461 353 501 hand
392 459 568 514 simplici-
601 458 726 501 titulo
773 459 1023 513 praeferenda
1067 459 1240 499 videtur.
1310 457 1400 500 Ne-

122 539 199 581 que
238 535 370 566 tamen
410 526 500 565 inde
534 524 580 565 ab
616 523 690 565 illo
724 533 940 577 tempore,
973 522 1190 575 egregium
1229 522 1308 563 hoc
1336 523 1402 563 in·

123 601 328 639 ventum,
378 589 492 645 plena
526 589 654 644 optati
705 589 899 629 successus
950 586 1102 629 fiducia
1147 587 1193 628 ab
1246 585 1402 629 Illustri

124 656 336 697 inuentore
367 655 725 705 commendatum,
751 653 796 693 ad
833 663 1003 693 examen
1037 661 1106 694 aut
1141 654 1259 694 vsum
1304 663 1404 707 pra-

122 719 277 761 e‘ticum
314 721 464 761 constat
501 717 574 758 effe
610 728 864 759 reuocatum.

279 785 424 825 Motus
459 783 587 834 igitur
625 784 682 823 rei
720 780 912 831 vtilitate,
950 780 1155 822 theoriam
1192 794 1403 824 nouorum

125 847 276 889 horum
331 859 541 890 remorum
604 845 719 900 plene
774 847 965 887 euoluere
1018 845 1261 899 effectusque
1313 847 1403 886 inde

125 915 332 966 sperandos
364 925 415 954 ex
451 913 593 966 primis
614 911 866 955 mechanicae
887 920 928 951 et
963 910 1167 963 analyseos
1189 911 1403 965 principiis

127 979 322 1019 deducere
355 977 563 1019 constituit
601 975 755 1029 liuius⁷
797 987 924 1031 quam·
976 977 1210 1026 tradimus,
1260 974 1403 1017 differ·-

131 1043 292 1083 tationis
351 1044 520 1084 Auctor.
602 1041 820 1084 Praemiffa
873 1052 1086 1081 remotum
1140 1039 1293 1081 horum
1334 1040 1402 1082 di-

130 1107 264 1148 flinsta
298 1109 729 1160 descriptione,‘vires
780 1106 1070 1158 inuestigantur
1098 1136 1109 1156 ‚
1157 1105 1302 1160 quibus
1358 1103 1405 1145 ab

128 1172 280 1213 afflone
318 1172 468 1213 horum
507 1184 718 1213 remorum
757 1173 869 1212 nauis
903 1172 944 1210 in
978 1170 1092 1212 cursu
1127 1170 1198 1211 suo
1248 1169 1404 1211 directo

129 1247 268 1277 reuera
306 1237 638 1292 propulsabitur3
671 1237 774 1277 vnde
810 1235 1010 1289 principia
1047 1233 1282 1275 mechanica
1307 1235 1404 1275 duas

127 1302 378 1354 fuppcditant
414 1302 667 1355 aequationes
700 1300 982 1342 differentiales
1005 1333 1016 1353 ‚
1051 1310 1101 1339 ex
1131 1310 1306 1352 quarum
1344 1311 1406 1339 re-

128 1366 364 1417 solutione,
398 1368 497 1407 datis
549 1366 755 1420 remigum
808 1375 985 1406 numero
1032 1374 1072 1406 et
1125 1363 1275 1404 viribus
1325 1375 1404 1404 vna

131 1439 227 1466 cum
264 1429 472 1471 celeritate
508 1432 705 1471 manubrii
735 1459 747 1481 ,
796 1429 1008 1482 superficie
1054 1427 1328 1480 palmularum
1365 1437 1405 1469 et

130 1490 346 1532 resistentia
387 1495 497 1531 nauis
532 1493 725 1542 absoluta,
746 1494 823 1545 ipsa
858 1497 968 1534 nauis
986 1491 1166 1532 celeritas
1195 1491 1404 1534 definitur.

282 1555 478 1607 Adplicat
514 1555 671 1596 Auc‘tor
706 1557 889 1597 inuentas
930 1553 1125 1595 formulas
1171 1553 1218 1594 ad
1269 1555 1405 1596 casum

129 1620 175 1661 ab
211 1618 274 1661 111.
311 1616 519 1658 Bernoulsio
552 1620 850 1659 examinatum.
925 1617 1060 1657 Nauis
1115 1616 1266 1657 scilicet
1318 1618 1406 1672 pri-

131 1697 218 1724 mae
253 1681 376 1723 classis
410 1683 630 1723 commode
678 1681 975 1737 quinquaginta
1027 1681 1230 1723 eiusmodi
1282 1682 1408 1723 remis

129 1747 267 1789 instrui
305 1748 467 1800 potest,
494 1757 672 1799 quorum
709 1746 878 1799 singulis
921 1746 1060 1787 decem
1101 1746 1279 1798 remiges
1329 1746 1408 1788 sint

126 1812 316 1865 adplicati
354 1821 394 1852 et
429 1810 613 1866 palmula
648 1823 832 1861 annexa,
864 1811 983 1852 cuius
1028 1808 1261 1864 superficies·
1306 1811 1405 1853 duo-

128 1877 256 1918 decim
295 1877 442 1928 pedum
478 1878 772 1931 quadratorum
794 1909 804 1927 ‚
840 1874 987 1930 quibus
1018 1873 1157 1930 positis
1191 1874 1406 1928 colligitur

129 1944 242 1981 nauis
276 1939 458 1980 celeritas
490 1953 543 1980 :3
566 1955 612 1992 4,
635 1947 704 1991 83.
745 1940 833 1996 ped.
869 1940 982 1982 rhen.
1040 1949 1230 1993 tempore
1281 1941 1406 1982 vnius

134 2005 286 2046 minuti
325 2005 510 2055 secundi;
544 2012 736 2058 prorius,
774 2005 831 2046 vti
872 2005 939 2045 111.
979 2002 1168 2046 Bernoulli
1201 2016 1258 2046 ex-
1286 2004 1406 2060 prin-

130 2070 246 2121 cipiis
284 2067 396 2120 plane
429 2069 598 2110 diuersis
624 2070 833 2112 conclusit.
901 2069 1125 2120 Subiungit?
1160 2068 1318 2109 Auctor
1341 2079 1407 2111 ta-

130 2133 265 2174 bulam
307 2132 536 2183 generalem
560 2163 576 2184 ‚a
627 2148 727 2189 quae
763 2147 847 2189 pro=
873 2133 1046 2186 qualibet
1083 2130 1293 2175 resistentia
1330 2146 1407 2174 na-

131 2199 193 2238 vis
225 2197 398 2238 absoluta
433 2207 473 2237 et
507 2198 715 2252 remigum
753 2209 928 2241 uumero
983 2197 1237 2241 velocitatem
1291 2199 1406 2238 nauis

1326 2273 1405 2316 ope
