2012 2724
564 208 658 249 422
857 189 939 231 DE
975 186 1293 242 FORAMiNE
1327 184 1526 230 OVAu.

627 316 667 347 x.
704 301 840 344 Arcus
874 301 977 356 ipse,
1007 300 1138 355 quoad
1174 310 1327 356 partem
1349 327 1362 350 ,
1392 301 1442 342 ob
1476 299 1684 343 valuulam
1717 302 1838 345 deot-

716 371 800 409 turn
836 366 1007 406 trastam
1031 396 1043 416 ‚
1078 367 1205 407 nudus
1238 377 1447 420 apparens.

614 447 657 485 y.
693 429 855 474 Orificii
892 429 1036 471 sinistri
1073 444 1198 472 venae
1229 442 1352 471 cauae
1389 429 1590 470 inferioris
1623 430 1686 470 seu
1727 431 1834 470 fora-

715 495 839 536 minis
872 495 1005 536 oualis
1035 507 1162 550 pars,
1210 496 1260 537 ob
1310 494 1474 535 eandem
1521 495 1678 537 caufiim
1732 495 1836 535 nuda

708 571 915 613 apparens.

628 634 668 668 z.
705 623 880 679 Reliqua
933 637 1020 679 pars
1071 623 1221 666 orificii
1275 622 1466 673 sinistri,
1515 623 1578 663 seu
1629 622 1837 665 foraminis

713 690 858 741 ouali3‚
878 702 949 744 per
986 700 1152 731 tenuem
1190 689 1469 730 membranam
1505 688 1688 729 valuulae
1719 699 1837 728 tran-

710 756 880 808 spateris.

630 847 667 873 1.
702 833 892 872 Truncus
927 841 1050 871 venae
1082 839 1198 869 cauae
1234 827 1445 869 inferioris.

629 909 666 936 2.
705 894 818 935 Idem
857 904 1019 933 truncus
1053 895 1239 934 deorium
1279 905 1348 945 per
1391 891 1516 942 hepar
1568 890 1836 934 continuatus.

628 968 668 1008 3.
707 957 871 999 Ductus
905 957 1071 996 venosus
1099 983 1110 1003 ,
1162 956 1233 1008 qui
1280 955 1519 994 coniunctus
1571 966 1669 996 cum
1718 969 1839 999 ramo

717 1021 902 1076 hepatico
937 1020 1002 1068 (4
1038 1016 1051 1073 )
1088 1029 1234 1059 trunco
1270 1019 1469 1059 inseritur.

625 1097 668 1137 4.
704 1086 858 1128 Ramus
892 1083 1114 1137 hepaticus·

1107 1169 1215 1234 Fig.
1249 1183 1297 1230 4.

728 1258 776 1303 In
813 1258 898 1301 s1nu
934 1256 1124 1309 smistro,
1155 1259 1216 1298 vti
1253 1258 1320 1299 liic
1363 1256 1402 1298 in
1440 1257 1570 1309 figura
1611 1269 1650 1307 3.
1689 1270 1840 1312 propo-

564 1322 682 1367 nitur
706 1354 717 1375 ,
751 1323 914 1364 valuula
949 1321 1069 1363 huius
1104 1321 1209 1363 smus
1233 1353 1246 1374 ,
1298 1325 1362 1363 seu
1415 1322 1622 1363 foraminis
1677 1324 1838 1376 oualis,
1875 1344 1882 1351 ·

567 1387 772 1441 simulque
807 1399 909 1428 vena
942 1398 1036 1428 caua
1091 1387 1257 1428 inferior
1281 1416 1293 1438 ,
1324 1386 1438 1430 cuius
1474 1386 1543 1427 illa
1586 1388 1837 1430 continuatio

566 1453 651 1506 est,
686 1454 726 1492 in
759 1453 829 1493 suo
862 1450 984 1492 latere
1020 1451 1225 1504 posteriori
1261 1461 1302 1492 et
1341 1450 1586 1499 sinisteriori‚
1620 1453 1836 1494 secundum

566 1516 865 1567 longitudinem
902 1515 1047 1557 incisae
1082 1526 1124 1556 et
1159 1526 1318 1568 apertae
1352 1518 1477 1565 (unt,
1515 1527 1598 1569 quo
1634 1520 1838 1570 parietum

565 1592 689 1622 venae
725 1580 766 1620 iu
799 1579 1002 1622 valuulam
1039 1580 1293 1622 continuatio
1323 1590 1362 1620 ct
1409 1592 1529 1621 venae
1582 1579 1746 1623 insertio
1794 1582 1835 1621 in

565 1644 699 1686 sinum
735 1644 970 1694 sinistrum,
1006 1645 1105 1685 visui
1150 1645 1383 1686 offerantur.
1472 1644 1602 1685 Partes
1644 1647 1685 1686 in
1738 1657 1838 1700 aqua

567 1709 785 1752 submersae
817 1710 921 1752 sunt.

628 1796 665 1826 a.
702 1782 795 1823 Pars
838 1783 971 1834 finus,
1007 1782 1129 1824 simul
1162 1795 1259 1823 cum
1293 1793 1393 1824 vena
1437 1791 1530 1821 caua
1565 1781 1725 1822 dissecti.

619 1856 666 1901 ὖ.
699 1858 834 1898 Venae
868 1855 1113 1911 pulmonalis
1149 1855 1319 1896 sinistrae
1356 1855 1571 1907 superioris
1616 1855 1744 1906 regio.

632 1947 666 1975 c.
702 1932 919 1974 orificium
957 1940 1080 1971 venae
1117 1930 1363 1983 pulwonnlis
1416 1929 1580 1967 dextrae
1625 1928 1841 1972 interioris.

634 1998 672 2040 d.
717 1998 827 2038 Vena
862 1994 1111 2052 pulmcnalis
1145 1998 1281 2035 dextra
1322 1993 1495 2033 inferior.

636 2085 668 2113 e.
701 2072 796 2115 Pars
830 2071 1016 2113 valuulae
1048 2070 1252 2110 annularis
1290 2065 1511 2110 ventriculi
1544 2065 1692 2108 dextri.

622 2147 664 2204 f.
704 2150 815 2190 Vena
849 2160 946 2191 caua
983 2145 1170 2202 superior.
