2012 2724
548 178 579 216 6
795 170 894 215 DE
957 159 1577 214 FRAerloanvs

551 285 701 328 fraistus
734 284 859 326 fuerit
891 281 1097 324 assumtus.
1159 278 1325 321 Praefati
1361 289 1497 322 autem
1533 278 1699 322 termini
1733 291 1822 321 nu-

551 348 697 392 merici
733 361 808 403 pro
842 347 1098 388 stadiioni'nus
1140 345 1317 397 abruptis
1368 345 1575 387 succeffiue
1626 345 1822 385 determi-

551 414 686 454 nandis
719 411 911 455 facillime
943 413 1231 452 continuantur
1253 439 1264 460 ,
1313 409 1410 460 quia
1442 410 1576 462 quiuis
1628 420 1826 449 numera-

552 484 619 518 tor
653 479 749 518 noui
784 475 951 518 termini
986 475 1040 515 est
1093 473 1267 526 triplum
1320 472 1634 514 denominatoris
1684 472 1828 514 vltimi

553 541 756 592 termini,
804 540 1088 580 denominator
1138 548 1274 577 autem
1330 536 1371 576 in
1420 550 1529 578 nouo
1562 537 1739 576 termino
1771 535 1826 579 est

554 604 729 656 triplum
764 605 946 644 eiusdem
986 600 1257 640 numeratoris
1292 599 1413 639 modo
1466 602 1618 640 inuenti
1669 601 1826 640 vnitate

553 667 720 708 austum
754 667 819 708 vel
852 665 1106 707 diminutum
1131 694 1143 715 ,
1195 664 1332 716 prouti
1366 662 1488 705 index
1524 664 1622 705 noui
1657 663 1826 706 termini

552 732 675 772 suerit
711 743 781 783 par
816 730 882 771 vel
917 728 1060 781 impar.

704 796 733 842 §.
770 807 812 844 4.
847 793 1023 832 Vnicum
1057 789 1209 845 pariter
1240 789 1413 831 sufficiet
1446 790 1716 842 exemplum,
1749 803 1830 845 quo

556 867 743 911 appareat
780 856 884 898 nihil
917 856 1092 908 obstare,
1120 856 1219 908 quin
1253 867 1327 909 pro
1357 867 1395 894 m
1428 858 1626 906 quantitas
1659 855 1830 896 assuma·

560 931 627 963 tur
664 921 920 961 irrationalis.
989 922 1166 961 Ponatur
1187 951 1201 971 ‚
1230 917 1412 972 exempli
1445 922 1555 958 causa
1577 945 1589 966 ,
1626 914 1771 961 νηῒ-Υ
1786 929 1824 967 5:

559 985 611 1027 fic
642 986 750 1026 dabit
784 984 958 1025 formula
995 987 1036 1025 in
1075 982 1158 1023 fine
1196 981 1432 1036 paragraphi
1464 982 1616 1023 secundi
1651 981 1833 1036 exposita

558 1048 745 1091 valorem
784 1049 986 1091 fractionis
1032 1046 1420 1089 infiniti-membris
1467 1041 1722 1098 53:51¹),
1787 1045 1832 1086 Si

558 1131 660 1162 'vero
694 1122 732 1160 in
766 1121 1008 1174 expressione
1039 1119 1246 1177 propofita
1280 1121 1490 1161 sumantur
1524 1118 1731 1160 succeffiue
1759 1131 1832 1161 va-

559 1183 665 1225 lores
710 1198 786 1238 pro
836 1184 1026 1225 fratstione
1077 1184 1399 1234 vni-membri,
1453 1183 1707 1235 bimembri,
1757 1185 1836 1237 tri:

559 1248 735 1289 membri
768 1256 843 1289 etc.
878 1249 1164 1290 obtinebuntur
1196 1248 1365 1287 termini

659 1312 1652 1374 ÷V532V532⁶³V532⁷1V5÷12'5V53etc·

563 1398 744 1441 Vtamur
777 1403 959 1442 termino
989 1402 1135 1454 quinto
1165 1403 1215 1448 ³⁴2¹&
1236 1396 1312 1446 Vs
1350 1407 1397 1437 vt
1452 1397 1665 1437 videamus
1713 1407 1838 1450 quan-

561 1471 652 1503 tum
688 1465 801 1504 distet
831 1465 876 1504 ab
910 1465 1088 1504 termino
1121 1460 1384 1503 infinitefimo
1425 1459 1680 1522 5:¹1⁹&
1762 1459 1834 1501 Est

561 1548 662 1578 vero
711 1532 751 1576 V
779 1547 801 1584 5
823 1551 874 1578 z
897 1550 940 1585 2,
962 1541 1169 1589 2360683
1202 1547 1301 1586 ergo
1333 1531 1438 1582 ³⁴z¹oV
1463 1549 1487 1583 5
1511 1547 1621 1583 zo,
1643 1540 1829 1587 381995

563 1610 604 1640 et
636 1599 794 1648 8:30,
817 1604 1029 1650 381966‚
1062 1600 1131 1651 qui
1165 1599 1284 1638 ambo
1318 1598 1480 1635 numeri
1517 1599 1558 1637 in
1593 1601 1730 1648 quinta
1764 1601 1839 1638 de-

569 1674 687 1705 mum
726 1661 856 1714 figura
891 1665 930 1703 in
964 1664 1114 1703 diuersa
1149 1661 1254 1701 abire
1294 1660 1506 1711 incipiunt.
1590 1659 1638 1699 In
1689 1671 1837 1712 genere

568 1736 732 1779 apparet
764 1727 869 1778 quod
905 1727 1068 1767 termini
1101 1739 1121 1766 a
1158 1724 1416 1771 fractionibus
1439 1723 1639 1764 continuis
1657 1723 1835 1776 abruptis

569 1791 850 1845 prouenientcs
886 1800 996 1830 tanto
1029 1789 1149 1830 citius
1182 1790 1227 1828 ad
1263 1786 1445 1828 valorem
1482 1788 1508 1829 S
1558 1798 1836 1839 conuergant,

569 1863 722 1908 quanto
756 1856 885 1895 maior
919 1853 1109 1895 assumtus
1151 1852 1273 1894 fuerit
1325 1851 1440 1892 valor
1494 1855 1657 1892 numeri
1709 1864 1746 1891 m
1795 1862 1837 1893 et

571 1917 740 1959 vicissim
777 1927 888 1961 tanto
923 1920 1070 1960 tardius
1101 1927 1249 1972 quanto
1282 1916 1418 1956 minor
1453 1916 1506 1956 est
1542 1927 1732 1956 numerus
1764 1926 1814 1955 m.

720 2004 754 2052 §.
794 2015 831 2054 5.
868 2007 1054 2061 Denique
1087 2007 1213 2046 etiam
1249 2006 1455 2057 quaeritur
1477 2035 1488 2055 ,
1522 2005 1616 2058 quid
1653 2006 1838 2044 futurum

569 2069 618 2110 fit
653 2070 814 2123 quando
849 2084 923 2125 pro
955 2068 1197 2111 minmitur
1231 2081 1429 2110 numerus
1462 2069 1703 2122 negatiuus;
1748 2068 1838 2107 dico

573 2142 708 2175 autern
748 2143 842 2176 tunc
879 2135 1149 2189 quantitatem
1184 2133 1397 2176 radicalem
1432 2135 1474 2176 in
1508 2131 1683 2176 formula
1719 2143 1837 2182 Pssffl·

1689 2192 1833 2250 graphi
