2012 2724
486 178 838 227 SCHACALAE
873 178 1163 228 HISTORIA.
1348 192 1445 235 -451

178 306 275 338 rum
310 294 483 338 habenda
514 298 599 346 est,
631 308 722 337 nam
759 307 810 337 ex
844 295 1027 350 analogia
1069 295 1416 340 euidentissimum
1440 330 1454 351 ‚

175 359 241 402 his
287 362 435 415 pariter
470 375 514 403 ac
551 361 718 414 reliquis
752 363 1075 414 quadrupedibus
1110 363 1334 404 limitatam
1372 363 1457 404 ali-

178 439 299 479 quam
338 427 596 479 prouinciam
636 437 711 477 pro
746 425 908 466 flatione
944 439 965 466 a
1000 428 1163 467 summo
1197 439 1336 467 rerum
1354 440 1454 469 con-

176 491 308 531 ditcre
345 491 570 543 :itiignatam
608 487 728 528 fuisse.
792 487 903 530 Cum
943 502 1067 544 porro
1100 491 1357 543 probabiliter
1387 491 1452 543 fir,

178 554 368 596 homines
404 557 632 608 primaeuos
669 551 924 607 troglodytes
958 555 1067 595 fuisse
1093 586 1104 606 ,
1138 554 1245 595 haud
1279 556 1322 595 in
1368 554 1456 607 pla-

173 619 346 660 nitiebus
390 613 669 671 campestribus
700 644 713 666 ,
763 619 825 660 sed
878 619 919 660 in
971 618 1175 660 tratstubus
1226 619 1462 672 montofis,

170 684 370 736 speluncas
417 681 486 723 vel
537 681 773 733 naturales,
817 683 886 724 vel
947 683 1052 724 facili
1104 684 1267 736 negotio
1319 683 1452 725 confi-

169 749 323 787 ciendas
388 760 462 800 pro
514 746 732 787 domicilio
785 747 1094 800 largientibus,
1171 759 1454 790 commoratos

171 811 279 859 effe3
331 810 425 851 hinc
462 811 670 864 sequitur,
705 812 827 854 etiam
864 812 1056 853 animalia
1090 811 1181 861 illa,
1221 824 1320 865 quae
1358 812 1453 864 pri-

170 886 244 914 mo
274 876 464 916 omnium
499 877 712 917 domestica
770 878 978 927 fecerunt,
1029 876 1232 916 eiusmodi
1286 886 1450 917 naturae

164 938 276 979 fuisse
297 967 308 987 ‚
337 951 383 980 vt
420 939 501 980 illis
536 941 667 991 magis
704 941 884 979 montosa
906 968 919 988 ‚
945 949 1074 990 quam
1112 939 1346 990 campestria
1379 951 1451 978 ar-

169 1004 328 1043 riserint
371 1034 382 1056 ,
445 1001 516 1043 vel
560 1014 610 1044 vt
661 1001 755 1055 ipfis
813 1001 1047 1044 hominibus
1112 1003 1303 1055 proxima
1359 1002 1452 1046 loco

163 1067 328 1109 fuerint.
395 1067 626 1123 Quaerenda
663 1067 789 1118 igitur
824 1071 914 1108 sunt
963 1077 1193 1121 ‘prototypa
1247 1078 1446 1109 numero·

167 1134 297 1173 sarum
336 1135 579 1173 varietatum
616 1131 909 1183 Ouis,Caprae
942 1141 981 1170 et
1012 1128 1135 1172 Canis
1170 1131 1210 1170 in
1253 1131 1452 1174 montosis

168 1197 286 1238 Anae
324 1197 524 1244 minoris;
562 1206 654 1233 nam
694 1194 733 1233 iu
767 1194 956 1236 omnibus
996 1195 1266 1236 animantibus
1307 1197 1450 1238 cuius·-

165 1271 321 1311 cunque
356 1260 512 1311 generis
563 1256 700 1298 vllum
754 1260 807 1301 est
852 1257 1095 1312 placidum,
1153 1260 1332 1300 eiusdem
1387 1263 1448 1304 in-

169 1325 338 1365 uenitur
369 1333 410 1365 et
444 1324 592 1374 ferum,
610 1323 843 1367 affirmante
866 1315 1058 1368 :PLIVNIO
1093 1321 1178 1366 libr.
1203 1329 1243 1367 8.
1262 1331 1347 1379 cap.
1372 1336 1444 1377 53.

317 1451 522 1495 1udici0so
557 1451 617 1494 Ill.
653 1452 815 1494 Comitis
848 1451 894 1493 de
921 1445 1135 1499 BVFFON
1188 1453 1350 1507 ingenio
1401 1456 1444 1498 in

167 1518 275 1561 Tomo
318 1520 397 1560 XI.
434 1517 629 1568 Historiae
662 1516 850 1559 Naturae
884 1518 1201 1560 demonstratum
1238 1519 1311 1568 est,
1336 1523 1443 1573 quod

165 1597 244 1638 pro
278 1585 368 1625 Oue
405 1585 445 1623 in
482 1584 578 1624 flatu
615 1584 697 1623 stro
731 1581 952 1624 habendum
992 1582 1038 1623 fit
1074 1582 1224 1624 animal
1264 1585 1302 1624 in
1325 1597 1446 1626 mon-

164 1648 258 1688 tofis
293 1648 472 1703 depressis
514 1646 626 1688 Asiae
663 1646 834 1688 minoris
876 1658 916 1689 et
966 1647 1007 1687 in
1061 1647 1260 1691 adfinibus
1302 1649 1442 1702 *quoad

167 1712 292 1754 clima
327 1712 504 1764 analogis
534 1714 732 1752 orientem
786 1713 1120 1767 occidentemque
1172 1713 1312 1753 versus
1365 1725 1440 1754 ex-

165 1775 283 1819 tensis
316 1778 485 1818 obuium
514 1806 525 1826 ,
572 1789 592 1816 a
625 1776 828 1818 veteribus
862 1776 1054 1818 Musmon
1088 1780 1151 1818 seu
1189 1776 1437 1830 Mustmou,

168 1852 190 1881 a
225 1838 355 1881 Gallis
387 1840 507 1882 hodie
541 1840 700 1883 Muflon
731 1841 1024 1896 appellatum,
1067 1843 1174 1896 quod
1212 1840 1275 1883 Ill.
1310 1842 1444 1895 Equiti

171 1904 217 1944 de
253 1896 448 1955 LINNE‚
491 1905 654 1946 veritati
671 1905 788 1956 huic,
820 1907 908 1957 (ex
939 1905 1156 1948 collatione
1193 1907 1334 1947 offium
1370 1919 1443 1946 ca·-

174 1969 269 2023 pitis
300 1978 341 2008 et
371 1981 573 2009 cornuum
610 1969 712 2012 mihi
747 1972 1065 2014 euidentiffimae
1087 1974 1128 2023 )‚
1157 1973 1349 2012 ‘nondum
1370 1970 1443 2012 ad-

173 2032 360 2074 sentienti
392 2032 568 2089 Capram
604 2035 864 2079 Ammonem
902 2035 1082 2079 vocitare
1116 2033 1280 2089 placuit.

722 2228 893 2270 L112
1392 2223 1445 2268 In
