2012 2724
512 186 599 226 272
685 173 767 216 DE
802 165 1221 213 DIiVDICANDA
1258 169 1593 214 FIRMITATE

510 298 632 331 tatem
672 283 805 338 pontis
839 282 1073 335 neutiquam
1112 293 1164 322 cx
1201 279 1395 323 firmitate
1430 282 1587 324 moduli
1641 285 1777 328 secun-

509 353 606 392 dum
644 347 896 402 principium
933 345 1217 387 similitudinis
1248 347 1409 387 definiri
1444 347 1565 401 poffe.
1641 348 1778 402 Quam

509 416 561 455 ob
597 425 716 461 rem,
758 411 1100 466 quemadmodum
1134 422 1187 451 ex
1224 409 1420 451 firmitate
1455 412 1611 452 moduli
1645 411 1783 455 firmi-

512 486 571 517 tas
604 475 725 531 ipfius
760 475 896 530 pontis
931 476 1195 529 quantumuis
1229 476 1365 527 magni
1396 475 1580 526 cognosci
1632 487 1785 532 queat,

510 540 579 586 hic
612 542 832 583 accuratius
865 539 953 580 sum
990 537 1265 594 inquisiturus.

664 638 698 689 §.
738 651 774 678 ε.
813 636 1006 679 Firmitas
1040 644 1178 678 autem
1217 644 1299 675 tam
1335 634 1457 689 ipsius
1493 636 1625 692 pontis
1657 648 1786 692 quam

513 701 672 744 moduli
707 704 848 755 vtique
881 701 1150 754 componitur
1191 710 1241 739 ex
1289 697 1486 740 firmitate
1537 699 1787 752 singularum

515 768 697 822 partium
741 776 781 807 et
817 765 959 814 modo,
991 777 1074 817 quo
1108 764 1213 804 inter
1248 763 1283 803 se
1319 762 1405 804 sunt
1437 765 1674 808 coniunctae
1697 797 1708 817 ,
1743 777 1789 807 ac

516 831 727 872 diiudicari
781 830 891 869 debet
940 839 990 867 ex
1041 828 1197 868 viribus
1249 838 1346 880 quas
1393 828 1583 869 sustinere
1623 829 1789 882 valent,

519 896 618 947 quin
657 895 972 944 disrumpantur.
1026 889 1216 944 Duplicis
1248 902 1384 930 autem
1429 892 1585 944 generis
1622 892 1690 932 hic
1724 907 1793 935 oc-

519 966 691 999 currunt
729 957 861 1005 vires,
891 954 1031 1005 quibus
1064 954 1159 994 tales
1195 954 1404 994 machinae
1437 956 1610 997 resistere
1639 957 1794 1010 debent,

521 1032 698 1074 quarum
737 1020 878 1060 alterae
913 1018 1078 1058 tendunt
1113 1019 1156 1057 ad
1195 1028 1328 1072 partes
1361 1029 1381 1056 a
1417 1018 1451 1057 se
1500 1021 1680 1061 inuicem
1729 1023 1797 1063 di-

523 1085 758 1134 vellendas,
809 1084 957 1122 alterae
1009 1094 1108 1121 vcro
1158 1084 1204 1122 ad
1256 1093 1318 1122 eas
1358 1082 1621 1132 frangendas,
1669 1087 1732 1124 seu
1771 1099 1793 1128 a

522 1159 722 1200 compage
760 1147 1008 1198 reliquarum
1043 1146 1342 1197 abrumpendas.
1412 1146 1526 1188 Prius
1561 1157 1685 1198 genus
1721 1157 1797 1201 po·

523 1212 723 1252 tiffimum
763 1210 877 1250 habet
913 1209 1049 1249 locum
1074 1239 1085 1259 ‚
1141 1207 1168 1248 si
1205 1209 1314 1248 funes
1347 1207 1642 1260 adhibeantur,
1696 1223 1798 1265 quo-

524 1288 618 1315 rum
659 1275 869 1316 tenacitate
902 1282 981 1313 tota
1020 1272 1203 1314 machina
1240 1273 1469 1323 innitatur;
1518 1273 1678 1326 quando
1725 1287 1796 1314 au-

531 1349 613 1379 tem
671 1337 853 1379 machina
907 1337 1078 1377 trabibus
1134 1337 1238 1377 inter
1294 1338 1328 1377 se
1362 1336 1588 1377 coniunc‘tis
1620 1338 1800 1387 constat,

529 1403 708 1443 alterum
749 1413 868 1452 genus
904 1399 1152 1454 potiffimum
1187 1400 1330 1441 locum
1368 1400 1512 1451 habet,
1566 1410 1613 1442 vt
1656 1402 1801 1444 scilicet

529 1467 656 1507 trabes
691 1465 875 1506 fractioni
913 1465 1001 1505 satis
1035 1465 1209 1506 resistent
1231 1495 1243 1517 ‚
1280 1478 1329 1506 ne
1364 1477 1384 1505 a
1421 1467 1573 1507 viribus
1605 1477 1700 1518 quas
1735 1469 1800 1507 su-

529 1532 671 1572 stinere
702 1530 840 1572 debent
875 1529 1175 1582 abrumpamur.
1255 1528 1498 1582 Vtrumque
1551 1530 1675 1582 igitur
1726 1528 1800 1571 hoc

531 1606 658 1646 genus
703 1594 926 1635 accuratius
973 1594 1026 1634 cst
1081 1593 1438 1646 perpendendum,
1488 1604 1532 1634 vt
1582 1593 1801 1634 diiudicare

530 1658 742 1698 valcamus
764 1688 775 1704 ‚
809 1667 953 1709 quanta
1017 1658 1059 1696 vi
1096 1654 1269 1707 singulae
1304 1667 1433 1710 partes
1467 1666 1550 1700 tam
1585 1657 1799 1702 diuulsioni

531 1732 653 1775 quam
691 1721 873 1762 fractioni
909 1720 1097 1761 resistant.

687 1817 717 1865 §.
757 1827 796 1863 3.
830 1815 949 1871 Quod
987 1816 1113 1866 igitur
1163 1816 1207 1856 ad
1261 1827 1386 1869 genus
1439 1816 1550 1868 prius
1602 1819 1803 1870 pertinet,

535 1880 826 1922 consideremus
861 1884 998 1920 funem
1043 1880 1227 1920 crnffitici
1279 1883 1422 1932 datae,
1472 1891 1515 1918 ac
1571 1882 1805 1933 videamus,

535 1956 727 2000 quantam
763 1943 982 1985 tensionem
1018 1943 1206 1984 sustinere
1240 1945 1371 1985 valeat
1394 1975 1405 1994 ‚
1439 1955 1650 1997 autequam
1686 1958 1804 1986 rum-

538 2021 670 2065 patur.
736 2010 796 2048 Ac
838 2009 977 2061 primo
1028 2009 1193 2060 quidem
1247 2009 1502 2050 manifestum
1554 2008 1638 2061 est,
1690 2010 1801 2051 issam

539 2075 628 2113 vim
665 2085 683 2113 a
721 2073 925 2112 tenacitate
961 2070 1126 2113 filorum
1162 2085 1210 2112 cx
1246 2075 1389 2127 quibus
1430 2073 1535 2113 funis
1584 2074 1803 2127 componi-

539 2145 609 2177 tur
643 2136 838 2194 pendere,
872 2148 972 2191 quae
1007 2137 1032 2178 si
1069 2138 1110 2178 in
1153 2139 1276 2181 variis
1309 2138 1462 2181 funibus
1496 2138 1617 2180 fuerit
1651 2139 1802 2183 cadem,

1641 2199 1799 2253 quando
