2012 2724
559 206 620 249 4¹
633 205 656 245 ς
862 185 945 228 DE
981 184 1298 229 FORAMINE
1331 186 1528 228 oum.

624 305 651 348 Ι,
687 302 796 345 Vena
831 296 1082 354 pulmonalis
1123 297 1273 340 finistra
1324 298 1508 352 superior
1535 329 1545 348 ,
1578 306 1713 352 aperta
1749 314 1828 346 vna

711 374 812 407 cum
847 363 954 406 finus
986 363 1168 417 pariete,
1219 373 1264 404 vt
1298 375 1415 418 prior
1457 363 1714 405 dextrorsum
1766 377 1829 408 re-

715 428 832 472 flexa.

625 518 675 550 m.
710 505 824 546 Vena
863 501 1109 558 pulmonalis
1141 503 1279 545 dextra
1315 504 1493 558 superior
1534 513 1684 560 aperta.

623 594 659 624 n.
690 576 931 623 orificium*
952 586 1078 637 venae
1113 577 1360 634 pulmonalis
1391 580 1552 621 dextrae
1589 577 1799 621 inferioris.

625 669 656 701 o.
668 665 712 714 p.
730 667 765 709 q.
786 658 818 700 *r.
839 670 869 699 s.
890 657 922 697 t'.
941 668 980 696 v.
1003 667 1053 697 w.
1070 668 1110 697 x.
1125 669 1167 704 y.
1205 654 1379 696 Valuula
1413 654 1516 696 finus
1551 654 1705 703 sinistri,
1733 666 1834 709 quae

710 721 842 773 vulgo
876 719 1087 762 foraminis
1119 719 1250 761 oualis
1285 728 1470 760 vocatur.
1537 719 1654 760 Pinxi
1689 721 1734 760 ad
1765 720 1833 760 ob-

719 786 873 826 iectum
908 785 948 826 in
983 792 1082 838 aqua
1116 783 1478 834 submersum,vbi
1514 781 1678 824 valuula
1711 781 1833 825 iibere

710 849 915 901 fluitabat,
963 861 1062 903 quae
1100 859 1252 898 tamen,
1285 850 1495 902 postquam
1528 858 1549 887 ‘a
1586 858 1703 888 motu
1736 860 1835 889 con-

715 915 958 967 quieuerat,
1009 913 1165 965 semper
1199 914 1240 952 in
1278 914 1454 952 eundem
1491 911 1599 953 hunc
1634 907 1757 950 snum
1795 913 1837 951 in

714 979 960 1029 eandemque
995 974 1101 1016 hanc
1137 974 1314 1027 figuram
1365 976 1515 1027 rediit,
1563 987 1642 1029 qua
1678 975 1835 1017 bullam

721 1040 825 1082 hanc
859 1043 996 1082 refert.

624 1128 764 1178 apa.
787 1131 819 1161 r.
856 1116 965 1159 Baiis
999 1114 1186 1155 valaniae
1222 1143 1235 1164 ‚
1265 1126 1342 1167 qua
1378 1122 1488 1166 parte
1529 1114 1736 1168 imprimis
1772 1118 1838 1157 su·

717 1192 883 1236 premae
917 1191 1011 1219 orae
1043 1189 1172 1218 venae
1203 1189 1320 1219 cauae
1354 1176 1554 1217 inferioris
1587 1178 1753 1228 infidet;
1795 1189 1835 1220 et

710 1246 808 1287 haec
840 1256 912 1286 ora
965 1244 1152 1295 suprema
1202 1253 1326 1283 venae
1376 1251 1493 1281 cauae
1542 1242 1658 1293 ipsa,
1708 1255 1836 1295 quae,

561 1310 583 1337 θ
703 1309 899 1366 quamuis
930 1306 1009 1347 nen
1046 1307 1146 1346 nuda
1173 1336 1184 1355 ‚
1221 1307 1280 1346 sed
1333 1304 1437 1344 tedia
1489 1305 1599 1354 tenui
1645 1305 1835 1348 valuulae

714 1375 947 1417 membrana
972 1399 983 1420 ,
1017 1383 1115 1423 quae
1149 1371 1185 1410 ei
1222 1368 1392 1418 insidet,
1445 1377 1582 1408 tamen
1617 1369 1667 1409 ob
1702 1370 1840 1423 pellu-

677 1452 679 1456 ·
708 1437 920 1481 ciditetem
955 1433 1257 1476 membranulae
1283 1431 1465 1474 distinfie
1481 1443 1523 1473 et
1540 1433 1699 1485 egregie
1717 1446 1839 1488 appa-

716 1515 794 1554 ret,
826 1510 987 1553 excepta
1024 1509 1135 1552 parte
1169 1498 1275 1538 inter
1305 1497 1382 1549 (r.
1413 1507 1456 1537 et
1486 1510 1520 1550 q.
1543 1494 1578 1550 ),
1611 1497 1677 1537 vbi
1712 1498 1837 1550 bulla,

717 1563 859 1624 quam*
886 1563 1055 1607 valuula
1089 1571 1224 1602 natans
1261 1563 1477 1615 producit,
1529 1559 1627 1601 haec
1667 1574 1734 1602 ora
1773 1572 1836 1602 te-

718 1635 850 1687 gitur..
914 1630 1021 1670 Tota
1054 1639 1124 1668 ora
1157 1626 1197 1666 in
1232 1625 1361 1676 figura
1398 1638 1437 1675 3.
1472 1635 1647 1679 apparet.
1717 1625 1835 1668 Reli-

717 1709 794 1751 qua
831 1705 919 1747 pars
949 1691 1070 1740 basis,
1100 1701 1177 1745 qua
1211 1692 1321 1729 arcui
1358 1689 1525 1730 valuula
1559 1690 1716 1740 insidet,
1753 1690 1833 1742 ipsa

719 1757 883 1802 valuula
920 1757 1082 1809 tegitur.

628 1855 662 1883 o.
693 1839 798 1881 Orac
835 1845 921 1888 pars
957 1832 1140 1881 sinisti-21,
1173 1831 1236 1871 seu
1271 1841 1367 1884 quae
1401 1830 1448 1871 nd
1484 1827 1681 1883 parietem
1714 1839 1835 1869 venae

720 1901 925 1946 finistrum
958 1898 1149 1951 pertinet.

624 1989 645 2020 o
667 1985 710 2033 p.
729 1989 762 2030 q.
796 1975 906 2016 Or'ae
941 1979 1028 2028 pa'rs
1065 1973 1272 2028 posterior.

626 2067 659 2110 q.
682 2067 715 2096 r.
751 2052 834 2093 Hac
869 2060 980 2104 parte
1012 2046 1154 2089 lumen
1191 2045 1394 2087 sinistrum
1429 2053 1555 2084 venae
1578 2072 1590 2093 ,
1645 2039 1838 2092 inaequa-

722 2117 818 2160 liter
852 2126 949 2158 arcu
984 2115 1163 2170 diuisae,
1202 2114 1345 2157 dextro
1372 2102 1535 2153 1umine
1570 2105 1704 2146 maius
1735 2104 1803 2144 est.

1724 2194 1767 2244 p.
1795 2195 1829 2237 q.
