2012 2724
486 185 838 232 scuACALAE
875 186 1161 233 fflsTossxA.
1339 197 1442 245 465

175 300 497 355 vulgatiffimam
534 312 574 343 et
609 301 761 346 realem
787 333 798 351 ‚
840 303 1097 356 retinemus,
1135 316 1234 360 quae
1283 304 1445 363 insuper

172 366 244 408 illa
283 367 388 419 Lupi
422 367 532 407 aurei
569 368 630 408 seu
666 364 835 417 Chrysei
882 370 1007 418 magis
1066 371 1334 412 determinata
1379 374 1445 414 est.

176 431 285 471 Nam
322 443 418 471 caue
447 463 458 482 ‚
498 443 546 471 no
597 429 733 470 habeas
783 428 1018 471 Schacalam
1075 446 1150 485 pto
1202 435 1321 489 Lupo
1374 450 1444 490 per

173 494 297 536 clima
334 498 632 547 degeneratum.
703 493 758 534 Et
793 493 979 537 Sthacala
1004 527 1015 547 ‚
1047 507 1085 537 et
1122 497 1261 550 Lupus
1285 531 1296 550 ‚
1332 501 1446 552 pari-

175 569 235 599 ter
270 573 311 601 ac
349 560 500 612 Vulpes
537 558 578 598 in
612 570 698 598 vno
733 558 959 613 eodemque
994 560 1158 602 climate
1190 575 1261 616 per
1311 561 1445 605 Geor-

170 624 284 673 giam
324 623 545 676 frequentes
577 619 841 664 inueniuntur
864 656 875 677 ‚
910 625 1016 664 notis
1047 626 1285 667 distinffluis
1319 629 1444 681 speci·

171 687 260 729 ficis
293 688 444 740 semper
476 686 575 727 caste
606 687 770 727 seruatis
815 699 856 729 et
908 687 1038 741 vulgo
1088 691 1307 743 georgiano
1354 692 1446 733 eui-

170 752 403 792 dentiffimis
428 782 438 800 ‚
472 752 538 790 cui
578 750 766 793 Schacala
802 752 951 805 Tura,
984 753 1126 808 Lupus
1158 754 1318 807 Gmeli,
1340 753 1444 796 Vul-

171 825 239 870 pes
274 813 388 854 Mela
423 815 583 859 dicitur.

320 908 490 953 Criticis
524 911 586 951 his
623 911 846 964 praemissis
880 912 927 952 ad
962 910 1195 952 Schacalam
1233 913 1441 966 pertinen-

165 974 307 1023 tibus,
357 987 479 1028 atque
531 975 758 1026 ponderatis
809 973 892 1014 illis
949 986 971 1013 a
1024 968 1343 1021 KAEMPFERO
1397 978 1440 1018 in

163 1038 468 1081 Amoenitatibus
502 1037 682 1079 exemtis
712 1046 753 1092 p.
791 1051 894 1088 413.
932 1036 1097 1088 rehem,
1128 1050 1246 1092 atque
1277 1053 1299 1080 a
1349 1041 1442 1081 col-

163 1102 253 1155 lega
289 1103 390 1144 olim
428 1103 757 1145 coniund‘tiffimo
806 1103 970 1153 optimo
1004 1096 1255 1148 GMEL1N0
1307 1103 1441 1147 nostro

162 1169 204 1210 in
242 1167 352 1208 Tomo
385 1166 465 1208 111.
500 1166 706 1205 Itinerarii
733 1173 775 1219 p.
812 1171 882 1205 80.
916 1165 1073 1206 traditis
1094 1197 1105 1217 ,
1138 1178 1186 1208 vt
1227 1167 1441 1221 hodoepo-

162 1231 245 1273 rica
280 1231 434 1278 reliqua
471 1238 704 1279 taceamus,
751 1241 822 1282 per
873 1230 1192 1281 peregrinatores
1243 1232 1435 1285 equidem

162 1292 553 1343 celebratiffimum,
602 1303 782 1333 attamen
835 1292 1011 1332 minime
1057 1294 1238 1336 distinete
1289 1304 1435 1337 notum

163 1356 237 1397 effe
268 1358 419 1397 constat
453 1355 603 1397 animal
633 1356 769 1397 hocce.
835 1357 1064 1398 Tradamus
1102 1359 1228 1413 igitur
1252 1359 1434 1415 amplam

161 1433 202 1462 et
239 1420 500 1462 scientificam
524 1451 535 1469 ,
569 1433 589 1460 a
631 1420 859 1471 Zoologis‚
895 1421 999 1462 inter
1034 1434 1135 1475 quos
1170 1423 1287 1464 instar
1338 1435 1434 1465 om-

164 1486 282 1525 nium
315 1479 488 1530 LINNE
527 1481 620 1538 (a)
653 1495 693 1524 et
729 1477 983 1530 PENNANT
1020 1484 1113 1539 (h)
1148 1488 1432 1529 denominandi

161 1551 284 1599 sunt,
317 1553 575 1601 summopere
609 1547 868 1589 dcfideratam
906 1550 1091 1590 animalis
1142 1550 1264 1592 huius
1289 1579 1300 1600 ‚
1350 1554 1431 1592 sae-

164 1615 255 1667 pius
294 1615 334 1654 in
385 1612 559 1664 Georgia
610 1613 872 1665 contemplati
926 1625 965 1654 et
1015 1614 1148 1656 cultro
1196 1615 1431 1656 anatomico

163 1677 326 1719 Iubietsti
360 1677 694 1731 descriptionem,
727 1688 810 1731 quo
845 1677 885 1717 in
922 1680 1123 1732 posterum
1158 1680 1206 1720 de
1242 1681 1431 1720 differem

360 1754 362 1758 ³
1346 1753 1430 1797 tia,

212 1901 291 1953 (a)
319 1906 391 1939 Vid·
421 1908 470 1940 Ei.
499 1905 637 1950 System.
664 1909 784 1943 Natur.
808 1907 893 1942 Edit.
930 1917 987 1942 12.
1016 1907 1120 1942 Tom.
1147 1908 1170 1942 1.
1197 1918 1231 1953 p.
1260 1914 1316 1942 σο.
1353 1908 1427 1940 De-

288 1954 442 2001 scriptio,
469 1956 592 2000 inquit,
621 1960 763 2001 genuina
791 1959 972 1991 etiamnum
1005 1955 1127 1990 deficit.

211 2000 283 2050 (b)
312 2004 386 2037 vid.
416 2005 462 2037 Ei.
491 2006 645 2052 Synopiis
674 2008 712 2041 of
735 2008 958 2054 Qiadrupeds
988 2017 1019 2051 p.
1054 2018 1133 2044 ¹59-
1187 2003 1259 2038 Itis
1275 2001 1422 2050 strange,

287 2054 358 2088 that
384 2066 423 2087 an
452 2055 569 2088 animal
596 2055 626 2089 so
654 2070 812 2091 common
840 2060 870 2091 in
899 2058 955 2090 the
986 2058 1132 2090 Levant,
1161 2052 1283 2087 should
1318 2066 1422 2088 never

287 2105 369 2138 have
398 2102 486 2137 been
514 2103 661 2149 brought
687 2100 766 2141 ouer
793 2116 827 2140 ro
854 2107 895 2141 be
925 2103 1090 2139 described
1117 2102 1163 2149 by
1191 2115 1253 2148 any
1282 2103 1424 2140 modern

284 2151 473 2189 Naturalist.
521 2154 603 2188 The
635 2156 847 2204 descriptions
874 2165 934 2205 yet
958 2155 1086 2189 remain
1120 2165 1200 2200 very
1224 2151 1376 2189 obscure·

223 2209 346 2252 Tom.
357 2208 457 2249 XX.
471 2207 760 2252 Nou.Comm.
996 2207 1038 2249 N
1061 2220 1087 2248 n
1105 2220 1130 2248 n
