2012 2724
564 201 632 253 64-
993 191 1114 249 ·’ἓθῖἓ
1144 190 1162 253 (
1191 205 1228 240 -0
1242 190 1274 254 Ὗ)
1305 196 1425 252 &3²³⁴-

565 310 802 362 distantibus
846 304 1054 365 fimulque
1103 310 1423 368 exquisitiffimis
1470 309 1548 354 va
1593 307 1719 355 aliam
1770 311 1845 357 nifi

563 390 760 426 mancam
810 376 859 419 de
913 376 1015 417 vero
1064 376 1158 420 loco
1207 378 1302 420 nodi
1360 379 1642 430 cognitionem
1715 379 1845 434 impe·

566 456 679 490 trare
711 441 979 495 liceat‚'quia
1014 440 1296 488 inclinationes
1327 444 1554 484 orbitarum
1590 442 1846 497 planetarum

563 512 615 555 ad
651 508 828 551 orbitam
882 506 1109 549 terrestrem
1162 507 1247 551 fiue
1299 508 1534 563 eclipticam
1586 509 1710 548 nimis
1758 510 1850 552 sunt

564 586 729 632 paruae,
747 583 872 628 quam
907 580 956 613 vt
986 573 1148 616 effectus
1179 585 1232 614 ex
1266 572 1336 614 tali
1368 585 1510 614 errore
1543 573 1743 615 oriundus
1780 573 1848 615 di-

563 639 709 684 *uiuite
742 637 1007 680 determinari
1039 646 1173 692 queat.
1239 637 1430 680 Maxima
1465 647 1602 680 autem
1638 636 1759 680 huius
1787 639 1851 679 in-

566 703 825 746 certitudinis
856 702 1029 743 scatebra
1063 703 1104 742 in
1141 700 1401 743 inclinatione
1433 704 1657 745 orbitarum
1709 702 1850 756 plane-

571 778 708 811 tarum
734 798 745 819 ,
781 779 858 819 pro
887 765 1185 818 antiquioribus
1220 767 1469 823 temporibus
1501 779 1584 810 non
1621 766 1759 809 minus
1790 766 1852 809 la-

569 841 711 886 tente,
745 841 847 872 mox
878 829 1102 882 detegetur.
1168 883 1176 891 ρ

720 957 875 1001 Minus
907 957 1073 1011 quidem
1109 956 1214 1002 circa
1247 955 1348 1001 hanc
1373 957 1610 1001 <orbitarum
1677 955 1854 1001 inclina-

573 1024 733 1068 tionem
765 1024 813 1065 ad
848 1021 1082 1076 eclipticam
1117 1025 1221 1065 inter
1256 1025 1292 1065 se
1326 1025 1561 1066 dissentiunt
1590 1023 1850 1067 Astronomi.

564 1084 793 1145 'Perperam
828 1097 966 1128 autem
1003 1100 1055 1130 ex
1093 1086 1171 1130 hoc
1206 1089 1389 1131 consensu
1433 1089 1653 1142 iudicares,
1687 1088 1853 1130 eandem

571 1154 880 1196 inclinationem
905 1183 917 1203 ,
950 1154 1011 1194 vti
1046 1153 1162 1194 tacite
1197 1155 1462 1207 supponunt,
1493 1167 1568 1208 pro
1600 1153 1856 1208 antiquiori-

573 1219 646 1260 bus
697 1217 950 1270 temporibus
994 1217 1136 1258 locum
1191 1217 1397 1269 habuiffe‚
1449 1220 1542 1272 quia
1591 1231 1672 1260 non
1722 1216 1853 1259 solum

571 1281 699 1325 nullis
733 1281 1074 1326 obseruationibus
1106 1282 1342 1323 confirmari
1396 1284 1524 1334 potest
1550 1307 1563 1332 ‹‚
1613 1283 1674 1322 sed
1724 1279 1852 1320 etiam

571 1345 751 1389 theoriae
796 1344 981 1385 maxime
1029 1346 1288 1396 aduersatur;
1339 1345 1396 1385 ita
1444 1354 1491 1386 vt
1543 1345 1632 1385 inde
1684 1324 1869 1396 quidem⁹

574 1408 763 1453 concludi
800 1408 948 1461 polilt,
981 1410 1272 1450 recentioribus
1313 1409 1377 1450 his
1429 1408 1681 1462 temporibus
1739 1406 1857 1447 incli-

575 1475 762 1516 nationes
794 1472 1020 1513 orbitarum
1056 1473 1157 1513 tales
1193 1473 1334 1523 fuine,
1385 1472 1521 1525 quales
1556 1471 1624 1513 hic
1659 1472 1855 1523 affignan·

577 1548 677 1589 tur3
710 1546 858 1576 verum
895 1534 999 1576 hanc
1029 1536 1331 1577 conclusionem
1385 1537 1430 1576 ad
1465 1536 1593 1578 secula
1625 1537 1854 1586 anteriora,

575 1604 625 1644 de
658 1599 802 1654 quibus
834 1598 876 1637 in
910 1599 1151 1649 grauissimis
1184 1599 1352 1639 tenebris
1383 1603 1611 1648 venamur,
1637 1602 1854 1642 extendere

575 1678 659 1710 non
693 1664 800 1704 licet.
852 1661 959 1703 Haec
993 1672 1130 1703 autem
1169 1662 1412 1704 incertitudo
1445 1663 1571 1703 etiam
1608 1664 1650 1703 in
1688 1674 1854 1704 motum

573 1730 783 1773 nodorum
819 1726 1014 1767 redundat
1037 1758 1048 1777 ‚
1081 1727 1280 1780 quoniam
1313 1739 1357 1767 ea
1392 1726 1608 1769 subsistente
1641 1729 1853 1780 nequidem

583 1807 635 1836 cx
666 1790 999 1835 occultationibus
1033 1791 1210 1833 fixarum
1233 1821 1245 1842 ‚
1295 1792 1446 1845 quippe
1479 1803 1580 1845 quae
1624 1794 1730 1833 solae
1766 1792 1852 1830 ido-

581 1870 674 1902 neas
708 1855 818 1899 illius
853 1858 1054 1912 temporis
1088 1856 1381 1897 obseruationes
1412 1866 1486 1908 pro
1515 1867 1632 1896 motu
1654 1857 1857 1897 nodorum

584 1919 888 1965 determinando
917 1950 929 1972 ‚
979 1921 1269 1976 suppeditant,
1318 1919 1470 1974 aliquid
1519 1921 1618 1962 certi
1671 1920 1858 1963 concludi

580 1988 722 2044 potest.

739 2049 846 2092 Haec
881 2057 989 2091 tanta
1026 2048 1285 2092 incommoda
1321 2049 1404 2091 iam
1451 2047 1641 2093 nonnulli
1684 2049 1857 2102 insignes

588 2113 835 2158 Geometrae
878 2114 958 2155 hoc
1010 2124 1302 2168 argumentum
1355 2115 1630 2168 aggredientes
1674 2114 1860 2155 animad-

592 2188 807 2224 verterunt
832 2210 844 2233 ,
875 2178 1085 2235 simulque
1115 2190 1366 2234 agnouerunt
1388 2212 1400 2234 ‚
1433 2178 1537 2222 nihil
1571 2178 1673 2219 certi
1726 2189 1858 2230 neque

1800 2254 1854 2284 ex
