2012 2724
556 197 648 243 436
850 179 1045 229 cuAvs
1063 212 1077 235 ,
1112 179 1355 227 ΑΝΙΜΑι
1373 180 1524 238 κΕΕΙᾸ

537 306 675 349 ›nocstu
709 312 882 359 vagatur
916 303 959 345 in
993 299 1200 344 inundatis
1232 310 1274 343 et
1317 299 1475 354 campis
1495 297 1671 354 ‚rarius
1701 295 1816 341 arbo-³

550 383 614 414 res
643 372 820 420 scandit,
853 368 1005 423 pisceS,
1049 368 1195 409 annos
1237 366 1469 420 Muresque
1515 365 1651 407 varios
1700 373 1822 420 atque

488 470 491 473 ,
549 448 641 477 aues
675 437 715 475 in
748 433 1002 476 arundinetis
1032 441 1073 475 et
1106 431 1311 473 arboribus
1343 430 1591 473 nidificantes
1647 440 1821 471 venatua

548 510 650 550 ωε,
684 499 726 542 in
765 499 952 553 praedam
988 496 1178 540 insiliens,
1244 497 1310 538 Ad
1347 495 1434 538 loca
1471 496 1582 538 culta
1625 506 1704 536 non
1757 506 1820 537 ac-

547 567 656 606 cedit
689 562 844 607 animal
875 564 990 604 ferox
1011 588 1026 612 ‚
1058 560 1460 616 impatientissimum
1495 570 1616 614 atque
1659 560 1820 602 iracun-

549 628 683 683 dum,
721 627 924 681 vnguibus
965 626 1231 681 dentibusque
1280 627 1467 668 saeuiens.
1548 623 1822 667 Antebrachio

546 693 699 753 forcipe
733 692 946 736 venatoria
981 692 1139 744 ferrea,
1171 701 1249 744 qua
1290 699 1458 746 captum
1513 691 1592 731 fuit
1639 688 1825 743 animal,

551 758 737 801 diffracto
763 786 776 807 ,
807 757 996 802 abstinuit
1027 756 1202 798 omnino
1235 768 1256 796 a
1293 768 1392 809 pane
1425 764 1465 796 et
1501 754 1668 810 piscibus
1716 753 1822 795 duo-

552 824 626 865 bus
660 822 828 875 integris
866 833 1004 864 coram
1058 821 1101 860 in
1149 819 1288 860 eadem
1337 821 1428 861 cista
1482 832 1550 873 per
1597 819 1822 867 ,duodecim

552 887 663 937 dies,
694 886 862 938 quasin
897 883 1138 939 captiuitate
1171 882 1299 923 adhuc
1331 884 1518 936 superstes
1553 884 1660 935 fuit,
1694 876 1822 924 iacen-

553 949 688 1001 tibus;
722 959 744 988 e
778 956 918 990 contra
955 941 1142 987 baculum
1176 945 1217 985 in
1252 946 1344 986 cista
1378 947 1547 988 obuium
1569 976 1582 997 ,
1620 948 1686 988 cui
1729 947 1825 988 alli-

550 1022 698 1066 gatum
732 1020 817 1053 erat
841 1041 854 1063 ,
884 1020 925 1051 et
961 1007 1139 1064 palmam
1175 1011 1382 1062 propriam
1422 1011 1532 1063 pedis
1575 1011 1684 1052 fracti
1730 1023 1823 1052 mo·

549 1076 794 1118 mordit'ira
817 1103 828 1125 ,
862 1084 909 1114 vt
942 1084 983 1114 et
1019 1074 1121 1124 ligni
1153 1071 1317 1113 frustula
1355 1082 1394 1112 et
1446 1085 1604 1125 vngues
1654 1073 1824 1128 phalari-

548 1141 706 1195 gesque'
731 1138 957 1192 digitorum
994 1136 1037 1176 in
1080 1135 1316 1177 ventriculo
1351 1136 1436 1188 post
1480 1149 1657 1179 mortem
1706 1137 1826 1179 innc-

551 1204 771 1246 nictentur.
808 1199 1134 1243 Pertinaciffimo
1169 1197 1246 1242 hoc
1281 1198 1418 1240 morsu
1448 1201 1582 1241 dentes
1614 1202 1695 1241 fere
1728 1214 1825 1241 om-

547 1280 616 1325 nes
647 1267 846 1310 destruxit
870 1296 883 1318 ,
917 1264 1152 1322 praesertim
1189 1261 1380 1304 laniarios
1401 1293 1412 1314 ,
1449 1262 1518 1316 qui
1541 1294 1554 1317 ,
1584 1275 1656 1306 ceu
1691 1267 1823 1306 tuber-

547 1333 639 1375 cula
673 1327 808 1374 obtusa
843 1340 883 1372 et
941 1329 1118 1377 cariosa,
1168 1327 1241 1369 vix
1292 1340 1315 1369 e
1363 1328 1540 1381 gingiuis
1591 1327 1822 1371 adhucdum

545 1397 875 1452 prominuerunt.
961 1393 1276 1435 Phaenomenon
1329 1391 1527 1435 mehercle
1555 1391 1564 1434 !
1620 1392 1823 1446 singulare

547 1462 735 1504 animalis
770 1462 810 1502 in
847 1458 1064 1514 proprium
1101 1467 1282 1512 corpus,
1313 1456 1404 1500 cibo
1446 1469 1527 1500 non
1581 1457 1823 1512 deficiente,

544 1527 788 1575 saeuientiS,
818 1534 936 1578 atque
986 1535 1009 1564 a
1059 1521 1177 1572 cibo,
1231 1532 1396 1563 naturae
1444 1521 1823 1566 conuenientiffimo

547 1600 589 1632 et
622 1590 718 1631 alias
749 1589 964 1644 expetito,
993 1590 1123 1636 (nam
1157 1594 1197 1625 et
1230 1587 1275 1626 ad
1308 1586 1504 1640 forcipem
1543 1587 1648 1641 pisce
1684 1586 1822 1628 allici·

547 1662 640 1696 tum
673 1652 817 1709 fuit),
849 1651 1075 1694 abstinentis
1099 1679 1112 1701 ,
1160 1658 1200 1689 et
1236 1651 1343 1702 quasi
1374 1652 1460 1704 pica
1495 1650 1657 1704 lignum
1697 1662 1822 1705 appe-

544 1728 655 1761 tente
692 1718 917 1760 laborantis,
984 1714 1110 1757 Anne
1146 1723 1322 1755 mortem
1361 1726 1604 1768 promouere
1649 1716 1823 1766 maluit,

545 1794 670 1836 quam
706 1785 837 1823 vitam
868 1779 1094 1821 dolor-asam
1131 1788 1250 1830 atque
1284 1778 1472 1818 seruilem
1515 1775 1690 1819 viuere?
1741 1776 1821 1818 In-

544 1847 752 1889 diuidium
786 1845 962 1886 alterum
1000 1844 1040 1883 in
1074 1842 1307 1895 captiuitate
1342 1841 1510 1894 piscibus
1542 1842 1652 1894 large
1693 1840 1817 1882 viffi-

545 1921 665 1962 tans,
701 1909 785 1951 alto
819 1909 981 1951 silentio
1036 1906 1193 1961 semper
1243 1908 1429 1955 seruato,
1474 1904 1815 1958 inquictiffimum

541 1978 698 2029 semper
733 1985 773 2016 et
805 1985 874 2014 ore
909 1974 1118 2028 spumante
1155 1971 1317 2011 irascens
1337 1970 1464 2011 tribus
1485 1969 1678 2011 mensibus
1698 1982 1814 2025 prae-

541 2038 724 2094 terlapsis
761 2038 911 2091 pariter
948 2036 1079 2091 periit.
1145 2034 1253 2077 Hinc
1289 2036 1414 2075 ctiam
1440 2034 1674 2076 ferocissima
1696 2032 1816 2087 agili·

541 2115 625 2145 tate
657 2115 697 2146 et
726 2101 831 2145 Cato
859 2113 899 2143 et
917 2101 1082 2154 reliquis
1101 2101 1386 2151 congr-neribus
1406 2097 1641 2140 simillimus
1663 2096 1811 2140 Chaus.

539 2168 639 2226 Quo
673 2176 806 2223 pateat
842 2166 884 2208 in
917 2178 999 2222 quo
1033 2166 1098 2206 hic
1143 2165 1192 2206 ab
1241 2163 1323 2206 illis
1371 2163 1560 2217 differat,
1613 2163 1817 2205 tradamus

1570 2227 1813 2284 descriptio·
