2012 2724
476 222 559 266 DE
595 221 917 265 FORAMINE
947 220 1148 267 OVALI.
1361 232 1450 278 383

173 348 388 397 aperturae
426 338 704 393 palpebrarum
738 335 847 378 oculi
879 337 958 378 fere
993 336 1166 379 similem
1200 333 1286 391 (n.0
1310 346 1351 394 p.
1367 337 1550 394 q.);Du0
1564 350 1671 396 venae

177 405 348 458 proinde
379 403 533 444 duobus
562 401 736 452 angulis,
768 411 947 453 quorum
984 401 1084 442 alter
1116 402 1316 453 posterior
1348 406 1444 445 dex·
1468 401 1568 457 cinric
1592 389 1672 473 ¹¹³}

180 470 383 522 teriorque
415 470 485 522 (p.
506 474 543 517 ),
576 466 677 505 alter
710 464 886 513 anterior
920 473 961 504 et
996 464 1210 506 sinisterior-
1246 466 1368 508 simul
1398 468 1450 510 est
1467 450 1672 524 ἱῖἓιιὶῐοζξ,

176 535 246 581 (n.
268 534 286 584 )
307 559 319 581 ‚
350 533 510 583 orisque
544 528 714 568 totidem
739 558 750 580 ‚
779 526 902 569 altera
937 530 1135 581 superiori
1167 525 1228 584 (ο.
1255 527 1292 581 ),
1325 531 1449 571 altera
1469 538 1539 573 tulo
1570 540 1645 573 veri

179 595 364 637 inferiori
399 595 466 643 (q.
486 593 527 641 )‚
560 592 715 642 gaudet.
781 591 846 632 At
877 603 948 632 ora
983 592 1149 635 inferior
1180 605 1259 634 non
1281 594 1448 635 valuula
1467 591 1539 623 eius
1558 589 1643 623 rami

178 652 466 704 EVSTACHII
488 685 500 705 ‚
533 667 631 709 quae
663 654 771 696 nulla
807 657 846 696 iu
884 656 1022 697 vitulo
1055 658 1190 709 datur,
1223 659 1284 699 sed
1321 659 1450 699 limbo
1468 639 1663 723 ssngvm

177 721 301 764 craffo
331 719 512 760 efficitur
532 749 544 770 ‚
594 722 751 760 carnosa
796 719 1000 760 substantia
1042 722 1144 762 fac‘io
1166 751 1178 771 ,
1210 733 1293 775 quo
1324 722 1451 763 simili
1494 702 1566 783 §ig
1595 749 1629 783 5,
1670 715 1676 722 ’

180 785 332 832 modo,
365 793 409 822 ac
444 782 610 824 valuula
646 776 937 828 EVSTACHII
980 784 1020 824 iu
1072 785 1237 825 homine
1263 815 1275 835 ,
1325 787 1456 838 paries

175 847 353 888 anterior
386 846 672 900 dexteriorque
723 859 845 888 venae
879 859 999 888 cauae
1034 847 1239 888 inferioris
1273 849 1454 901 superius

177 910 433 952 terminatur.
502 911 688 964 Denique
709 941 720 961 ,
755 911 862 962 quod
897 911 1143 963 primarium
1176 910 1267 961 est,
1301 912 1361 950 vti
1376 923 1454 951 ora

172 973 338 1015 inferior
371 974 506 1014 dextri
539 973 662 1014 huius
695 971 845 1013 orificii
886 972 928 1012 in
962 971 1101 1014 vitulo
1134 983 1258 1025 aeque
1290 984 1333 1013 ac
1376 971 1455 1014 ho-

174 1037 285 1077 mine
318 1037 473 1077 diuersa
508 1037 563 1078 est
594 1038 639 1078 ab
672 1048 742 1078 ora
778 1036 961 1076 inferiori
998 1036 1152 1079 orificii
1188 1035 1331 1078 sinistri
1352 1064 1363 1084 ‚
1398 1036 1455 1076 ita

171 1110 211 1141 et
245 1101 326 1155 ipsa
361 1112 433 1140 ora
473 1100 653 1154 superior
686 1102 726 1141 in
761 1099 898 1141 vitulo
931 1099 1006 1141 alia
1042 1113 1087 1156 ac
1140 1101 1293 1142 diuersa
1347 1101 1453 1141 dex·

173 1173 253 1215 tro,
285 1163 440 1217 aliaque
474 1174 514 1203 et
546 1165 697 1203 diuersa
731 1162 885 1202 finistro
917 1162 1084 1203 orificio
1115 1165 1255 1215 datur,
1275 1164 1386 1216 adeo,
1406 1171 1452 1204 vt

171 1229 289 1282 plane
323 1227 363 1265 in
398 1227 586 1266 omnibus
625 1226 702 1265 suis
738 1225 916 1278 partibus
949 1225 1062 1265 aliud
1098 1224 1312 1266 orificium
1366 1227 1449 1275 sit,

170 1291 278 1345 quod
313 1289 354 1328 in
391 1289 569 1340 dextro,
602 1298 643 1329 et
675 1287 815 1338 aliud,
849 1289 955 1341 quod
992 1291 1031 1329 in
1072 1287 1227 1330 sinistro
1259 1288 1345 1329 finu
1382 1301 1452 1343 pa·

173 1363 241 1395 tet.
310 1351 532 1394 Nimirum
567 1363 637 1393 ora
671 1350 765 1393 haee
803 1353 975 1405 inperior
1008 1351 1153 1393 orificii
1190 1353 1324 1393 dextri
1344 1366 1451 1407 pro-

173 1418 287 1470 prius
320 1415 359 1455 in
397 1416 532 1457 vitulo
563 1416 741 1458 eminens
785 1415 938 1456 limbus
989 1417 1042 1457 cst
1063 1446 1074 1466 ‚
1106 1414 1205 1466 (0.)
1259 1416 1451 1457 similiter

174 1491 220 1521 vt
263 1480 463 1532 inferior,
517 1492 660 1520 carnea
715 1480 918 1520 substantia
968 1479 1123 1529 fac‘tus,
1156 1480 1224 1520 sub
1277 1491 1362 1533 quo
1409 1491 1451 1522 et

171 1553 280 1585 retro
314 1555 434 1595 quem
460 1574 472 1593 ‚
511 1543 746 1597 profundius
781 1545 820 1583 in
859 1555 956 1584 vena
991 1555 1090 1585 caua
1112 1573 1124 1594 ‚
1159 1544 1228 1585 ille
1273 1544 1449 1597 denique

171 1619 286 1649 arcus
322 1608 362 1647 in
396 1607 649 1660 conspectum
689 1608 834 1656 venit,
883 1618 967 1660 quo
1020 1609 1106 1648 dixi
1147 1608 1287 1649 lumen
1321 1620 1449 1648 venae

171 1681 287 1711 cauae
321 1671 498 1725 superius
532 1671 570 1710 in
605 1671 701 1711 duas
737 1680 865 1724 partes
896 1671 1058 1723 diuidi,
1091 1669 1166 1727 (x.
1189 1685 1228 1714 x.
1253 1672 1273 1723 )
1303 1682 1343 1711 et
1379 1672 1449 1724 qui

172 1735 213 1774 in
250 1734 328 1775 hoc
360 1735 453 1775 loco
488 1745 563 1774 vna
614 1745 709 1774 cum
760 1734 889 1775 limbo
911 1762 922 1782 ‚
973 1736 1042 1788 qui
1097 1736 1202 1776 basin
1258 1734 1447 1776 valuulae

172 1797 276 1838 finus
310 1797 454 1839 sinistri
487 1798 650 1848 cingit,
685 1798 908 1851 perfecstum
960 1800 1168 1840 orificium
1220 1801 1444 1840 rotundum

173 1862 396 1914 posterius,
430 1862 510 1903 siue
545 1861 746 1903 fiuistrum
785 1863 947 1914 efficit,
982 1860 1114 1919 (y.)‚
1150 1863 1264 1916 plane
1299 1877 1320 1904 a
1345 1865 1444 1903 dex-

174 1934 239 1965 tro
271 1925 468 1974 angulito
498 1927 700 1966 diuersum
722 1952 734 1974 ‚
765 1937 806 1968 et
842 1927 947 1967 iutra
987 1928 1081 1979 hoc,
1115 1927 1241 1968 modo
1274 1927 1312 1966 in
1349 1925 1440 1978 pla‘

176 2001 262 2036 no,
300 1988 492 2040 posterius
524 1988 628 2040 sito,
661 1988 780 2030 simul
815 2001 910 2031 cum
947 1990 1049 2042 illo,
1086 2002 1137 2030 ex
1180 1989 1266 2028 sinu
1301 1990 1446 2028 dextro

175 2063 315 2104 aperto
349 2052 589 2092 Obstru-abile
637 2050 739 2107 (fig.
776 2059 850 2107 5.).
928 2053 998 2094 ‘Vt
1051 2053 1234 2094 breuibus
1282 2054 1444 2091 munem

175 2116 304 2157 verbis
341 2128 405 2155 mc
438 2116 686 2168 expediam3
720 2116 954 2167 orificium,
986 2118 1089 2170 quod
1124 2118 1163 2156 in
1200 2115 1341 2154 dextro
1360 2114 1445 2153 {inu

173 2189 282 2236 patet
317 2176 387 2232 (n.
407 2192 426 2221 0
452 2186 494 2235 p.
513 2192 546 2233 q.
569 2176 608 2235 )‚
637 2191 717 2222 non
752 2192 884 2222 venaev
909 2192 1025 2222 cauae
1060 2179 1259 2221 inferioris
1290 2178 1415 2233 ipsius
1435 2209 1447 2228 ‚

514 2240 523 2251 ⁸
1377 2242 1440 2283 sed
