2012 2724
575 210 641 260 46
1022 208 1138 263 »5233
1170 210 1186 261 (
1213 217 1244 249 0
1278 205 1295 268 l
1329 207 1445 262 &3520-

576 323 807 365 frictionem
843 323 1012 364 durante
1049 333 1167 365 motu
1200 325 1369 366 eandem
1420 335 1581 366 manere
1630 322 1852 368 assumeba-

575 398 676 437 tur,
707 399 808 438 quae
845 401 918 440 pro
953 389 1192 441 aequilibrio
1225 398 1308 430 erat
1344 391 1517 430 inuenta.
1603 389 1847 431 Consultum

571 453 683 492 enim
724 452 774 492 ibi
812 464 888 492 non
927 453 1136 494 videbatur
1170 452 1413 494 solutionem
1439 454 1636 495 directam
1656 465 1709 493 cx
1733 455 1844 507 priu-

570 517 681 569 cipio
717 515 894 569 generali
929 518 1136 568 deducere,
1153 517 1483 570 quandoquidem
1523 519 1590 558 ista
1628 517 1852 570 inuestiga-

574 582 636 622 tio
670 581 709 621 in
743 578 923 621 calculos
960 582 1141 622 maxime
1179 581 1387 622 intricatos
1421 581 1622 635 illexiffet,
1658 583 1760 624 dum
1783 583 1849 623 hic

576 645 825 687 theoremate
869 645 944 684 illo
997 644 1167 686 stabilito
1219 644 1366 685 solutio
1417 645 1567 687 diredta
1617 646 1727 699 quafi
1769 646 1851 688 fine

572 710 708 750 labore
743 707 941 758 elicitur,
976 720 1076 761 quae
1107 711 1205 750 adeo
1259 710 1364 749 facili
1418 710 1585 762 negotio
1623 711 1669 751 ad
1718 713 1851 751 calum

575 775 811 813 transfertur
834 800 846 820 ‚
879 782 961 824 quo
992 772 1098 812 funis
1134 784 1260 813 vnam
1298 771 1486 826 pluresue
1520 773 1697 825 integras
1730 786 1852 816 reuo-

575 835 754 877 lutiones
786 835 889 876 circa
925 834 1157 887 cylindrum
1191 836 1475 890 compleuerit.
1556 837 1624 877 Ex
1666 840 1851 881 omnibus

573 899 638 942 his
675 898 754 949 fit,
799 908 844 940 vt
897 902 1075 954 praesens
1121 900 1337 941 methodus
1389 900 1630 955 preffionem
1685 902 1849 943 funium

571 963 874 1007 determinandi
908 964 1182 1007 concinnitate
1212 974 1252 1005 et
1286 964 1481 1016 elegantia
1516 965 1585 1006 sua
1625 967 1849 1009 attentione

575 1028 895 1073 Geometrarum
931 1030 1119 1072 maxime
1152 1030 1273 1084 digna
1309 1028 1358 1070 fit
1388 1029 1586 1074 censenda.

1141 1154 1296 1215 VlII.

575 1256 667 1316 De
710 1259 944 1317 Viribus
997 1259 1311 1320 Remorum
1365 1277 1549 1317 nouae
1603 1258 1804 1338 speciei
1832 1305 1849 1330 2

615 1361 930 1422 eorumque
974 1344 1406 1424 comparatione
1460 1363 1594 1402 cum
1640 1344 1811 1400 remis

1064 1427 1367 1489 ordinariis,

659 1543 925 1604 Au&ore
971 1544 1081 1603 W.
1130 1544 1201 1602 L.
1249 1540 1433 1603 Krafft
1467 1562 1593 1622 pag.
1632 1564 1759 1624 343.

575 1657 864 1771 Remorum
916 1671 1158 1713 vsitatorum
1215 1670 1372 1713 theoria
1406 1702 1417 1722 ,
1474 1669 1710 1722 neutiquam
1766 1674 1851 1715 fane

708 1739 855 1788 obuia,
889 1738 1040 1778 dudum
1098 1737 1470 1778 Celeberrimorum
1532 1731 1847 1777 Geometrarum

582 1799 741 1856 Bougeri
775 1813 814 1842 et
849 1802 980 1844 Eidem·
1018 1801 1213 1853 profunda
1252 1801 1437 1851 indagine
1467 1797 1519 1837 est
1555 1800 1724 1843 exculta.
1779 1802 1849 1842 ln-

581 1867 723 1918 primis
757 1877 892 1907 autem
933 1866 1145 1906 vtilissimo
1178 1865 1281 1907 liuic
1316 1872 1561 1914 argumento
1597 1862 1748 1916 insigne
1783 1877 1846 1905 ac-

577 1930 688 1972 ccffit
728 1931 1154 1980 iiicremeiitt1=n,cum
1194 1932 1299 1982 regia
1339 1928 1455 1968 Acad.
1494 1926 1639 1967 Scicnt.
1677 1929 1848 1970 l'arisina

577 1997 611 2035 ci
637 2025 648 2045 ,
685 1996 752 2048 qui
791 1996 986 2047 nauigia,
1023 1996 1252 2048 praeltriim
1297 1996 1446 2032 maiora
1473 2023 1484 2041 ,
1537 1989 1653 2030 nullo
1705 2005 1850 2034 vento-

582 2072 674 2099 rum
713 2061 893 2110 auxilio,
931 2058 1181 2114 propellendi
1221 2060 1386 2098 modum
1424 2058 1629 2105 detegeret
1671 2059 1851 2097 maxime

578 2126 884 2177 commodum,
922 2123 1122 2178 publicum
1157 2123 1201 2162 ad
1239 2133 1389 2162 anuum
1435 2130 1549 2167 1753
1591 2122 1850 2173 propoluiffet

582 2190 822 2242 praemium.
912 2186 1091 2229 Palmam
1128 2187 1398 2236 certaminis,
1430 2181 1666 2238 grauissimo
1699 2185 1852 2226 Acade-

1747 2262 1851 2290 miae
