<?xml version="1.0" encoding="UTF-8"?>
<!DOCTYPE html PUBLIC "-//W3C//DTD XHTML 1.0 Transitional//EN"
    "http://www.w3.org/TR/xhtml1/DTD/xhtml1-transitional.dtd">
<html xmlns="http://www.w3.org/1999/xhtml" xml:lang="en" lang="en">
 <head>
  <title>
</title>
<meta http-equiv="Content-Type" content="text/html;charset=utf-8" />
  <meta name='ocr-system' content='tesseract 3.04.00' />
  <meta name='ocr-capabilities' content='ocr_page ocr_carea ocr_par ocr_line ocrx_word'/>
</head>
<body>
  <div class='ocr_page' id='page_1' title='image "./novicommentariac20impe_0048.png"; bbox 0 0 2012 2724; ppageno 0'>
   <div class='ocr_carea' id='block_1_1' title="bbox 565 180 1422 239">
    <p class='ocr_par' dir='ltr' id='par_1_1' title="bbox 565 180 1422 239">
     <span class='ocr_line' id='line_1_1' title="bbox 565 180 1422 239; baseline -0.007 -2"><span class='ocrx_word' id='word_1_1' title='bbox 565 196 630 237; x_wconf 71' lang='lat'>42</span> <span class='ocrx_word' id='word_1_2' title='bbox 991 183 1113 235; x_wconf 46' lang='grc' dir='ltr'>»ἒξ-ἐξ</span> <span class='ocrx_word' id='word_1_3' title='bbox 1146 182 1161 230; x_wconf 95' lang='grc'>(</span> <span class='ocrx_word' id='word_1_4' title='bbox 1196 194 1223 224; x_wconf 93' lang='lat'><em>0</em></span> <span class='ocrx_word' id='word_1_5' title='bbox 1258 180 1273 239; x_wconf 93' lang='lat'><em>)</em></span> <span class='ocrx_word' id='word_1_6' title='bbox 1305 183 1422 234; x_wconf 52' lang='lat'>3030*</span> 
     </span>
    </p>
   </div>
   <div class='ocr_carea' id='block_1_2' title="bbox 560 294 1848 1191">
    <p class='ocr_par' dir='ltr' id='par_1_2' title="bbox 560 294 1848 1191">
     <span class='ocr_line' id='line_1_2' title="bbox 566 294 1847 344; baseline 0.001 -1"><span class='ocrx_word' id='word_1_7' title='bbox 566 299 630 343; x_wconf 84' lang='lat' dir='ltr'>fili</span> <span class='ocrx_word' id='word_1_8' title='bbox 667 299 727 341; x_wconf 73' lang='lat' dir='ltr'>stu</span> <span class='ocrx_word' id='word_1_9' title='bbox 762 294 936 340; x_wconf 80' lang='lat' dir='ltr'>laminae</span> <span class='ocrx_word' id='word_1_10' title='bbox 973 295 1151 340; x_wconf 81' lang='lat' dir='ltr'>clasticae</span> <span class='ocrx_word' id='word_1_11' title='bbox 1184 294 1458 342; x_wconf 82' lang='lat' dir='ltr'>exhibentem.</span> <span class='ocrx_word' id='word_1_12' title='bbox 1557 296 1703 341; x_wconf 82' lang='lat' dir='ltr'>Altera</span> <span class='ocrx_word' id='word_1_13' title='bbox 1744 310 1847 344; x_wconf 79' lang='lat' dir='ltr'>vero</span> 
     </span>
     <span class='ocr_line' id='line_1_3' title="bbox 567 362 1845 418; baseline 0 -11"><span class='ocrx_word' id='word_1_14' title='bbox 567 366 715 407; x_wconf 83' lang='lat' dir='ltr'>solutio</span> <span class='ocrx_word' id='word_1_15' title='bbox 747 375 799 405; x_wconf 85' lang='lat' dir='ltr'>ex</span> <span class='ocrx_word' id='word_1_16' title='bbox 834 363 905 406; x_wconf 86' lang='lat' dir='ltr'>hac</span> <span class='ocrx_word' id='word_1_17' title='bbox 940 362 1263 406; x_wconf 77' lang='lat' dir='ltr'>consideratione.</span> <span class='ocrx_word' id='word_1_18' title='bbox 1291 364 1346 404; x_wconf 91' lang='lat' dir='ltr'>est</span> <span class='ocrx_word' id='word_1_19' title='bbox 1379 363 1503 418; x_wconf 86' lang='lat' dir='ltr'>petita</span> <span class='ocrx_word' id='word_1_20' title='bbox 1528 391 1540 412; x_wconf 90' lang='lat'>,</span> <span class='ocrx_word' id='word_1_21' title='bbox 1572 367 1677 418; x_wconf 89' lang='lat' dir='ltr'>quod</span> <span class='ocrx_word' id='word_1_22' title='bbox 1699 391 1712 414; x_wconf 88' lang='lat'>‚</span> <span class='ocrx_word' id='word_1_23' title='bbox 1754 368 1845 418; x_wconf 80' lang='lat' dir='ltr'>quia</span> 
     </span>
     <span class='ocr_line' id='line_1_4' title="bbox 567 426 1846 482; baseline 0.001 -12"><span class='ocrx_word' id='word_1_24' title='bbox 567 429 716 470; x_wconf 70' lang='lat' dir='ltr'>lamina</span> <span class='ocrx_word' id='word_1_25' title='bbox 774 428 928 470; x_wconf 83' lang='lat' dir='ltr'>elassica</span> <span class='ocrx_word' id='word_1_26' title='bbox 981 429 1038 470; x_wconf 90' lang='lat' dir='ltr'>ob·</span> <span class='ocrx_word' id='word_1_27' title='bbox 1080 428 1185 468; x_wconf 84' lang='lat' dir='ltr'>vires</span> <span class='ocrx_word' id='word_1_28' title='bbox 1247 426 1322 482; x_wconf 69' lang='lat' dir='ltr'>ipsi</span> <span class='ocrx_word' id='word_1_29' title='bbox 1381 427 1601 482; x_wconf 85' lang='lat' dir='ltr'>applicatas</span> <span class='ocrx_word' id='word_1_30' title='bbox 1653 429 1694 468; x_wconf 89' lang='lat' dir='ltr'>in</span> <span class='ocrx_word' id='word_1_31' title='bbox 1746 429 1846 471; x_wconf 83' lang='lat' dir='ltr'>statu</span> 
     </span>
     <span class='ocr_line' id='line_1_5' title="bbox 563 491 1847 548; baseline 0.001 -14"><span class='ocrx_word' id='word_1_32' title='bbox 563 496 736 548; x_wconf 84' lang='lat' dir='ltr'>quodam</span> <span class='ocrx_word' id='word_1_33' title='bbox 776 494 958 534; x_wconf 78' lang='lat' dir='ltr'>violento</span> <span class='ocrx_word' id='word_1_34' title='bbox 999 504 1196 545; x_wconf 86' lang='lat' dir='ltr'>tenetur,</span> <span class='ocrx_word' id='word_1_35' title='bbox 1246 491 1274 532; x_wconf 86' lang='lat' dir='ltr'>fi</span> <span class='ocrx_word' id='word_1_36' title='bbox 1325 493 1462 547; x_wconf 88' lang='lat' dir='ltr'>portio</span> <span class='ocrx_word' id='word_1_37' title='bbox 1514 493 1599 534; x_wconf 89' lang='lat' dir='ltr'>eius</span> <span class='ocrx_word' id='word_1_38' title='bbox 1652 494 1847 546; x_wconf 80' lang='lat' dir='ltr'>quaedam</span> 
     </span>
     <span class='ocr_line' id='line_1_6' title="bbox 564 555 1846 613; baseline 0 -13"><span class='ocrx_word' id='word_1_39' title='bbox 564 563 762 600; x_wconf 49' lang='lat' dir='ltr'>uincetur</span> <span class='ocrx_word' id='word_1_40' title='bbox 784 589 798 612; x_wconf 81' lang='lat'>‚</span> <span class='ocrx_word' id='word_1_41' title='bbox 826 558 950 599; x_wconf 81' lang='lat' dir='ltr'>altera</span> <span class='ocrx_word' id='word_1_42' title='bbox 987 559 1124 613; x_wconf 88' lang='lat' dir='ltr'>portio</span> <span class='ocrx_word' id='word_1_43' title='bbox 1156 558 1287 598; x_wconf 73' lang='lat' dir='ltr'>subito</span> <span class='ocrx_word' id='word_1_44' title='bbox 1320 557 1441 598; x_wconf 85' lang='lat' dir='ltr'>aliam</span> <span class='ocrx_word' id='word_1_45' title='bbox 1477 555 1653 610; x_wconf 80' lang='lat' dir='ltr'>figuram</span> <span class='ocrx_word' id='word_1_46' title='bbox 1688 555 1737 598; x_wconf 88' lang='lat' dir='ltr'>fit</span> <span class='ocrx_word' id='word_1_47' title='bbox 1779 569 1846 600; x_wconf 88' lang='lat' dir='ltr'>re-</span> 
     </span>
     <span class='ocr_line' id='line_1_7' title="bbox 564 619 1848 677; baseline -0.001 -12"><span class='ocrx_word' id='word_1_48' title='bbox 564 635 742 677; x_wconf 77' lang='lat' dir='ltr'>ceptura.</span> <span class='ocrx_word' id='word_1_49' title='bbox 794 623 975 676; x_wconf 85' lang='lat' dir='ltr'>luquirit</span> <span class='ocrx_word' id='word_1_50' title='bbox 1010 622 1121 663; x_wconf 88' lang='lat' dir='ltr'>enim</span> <span class='ocrx_word' id='word_1_51' title='bbox 1164 622 1240 661; x_wconf 85' lang='lat' dir='ltr'>Vir</span> <span class='ocrx_word' id='word_1_52' title='bbox 1274 619 1345 662; x_wconf 77' lang='lat'>111.</span> <span class='ocrx_word' id='word_1_53' title='bbox 1378 622 1418 660; x_wconf 91' lang='lat' dir='ltr'>in</span> <span class='ocrx_word' id='word_1_54' title='bbox 1454 633 1517 662; x_wconf 88' lang='lat' dir='ltr'>eas</span> <span class='ocrx_word' id='word_1_55' title='bbox 1559 624 1698 673; x_wconf 84' lang='lat' dir='ltr'>vires,</span> <span class='ocrx_word' id='word_1_56' title='bbox 1746 634 1848 676; x_wconf 77' lang='lat' dir='ltr'>quae</span> 
     </span>
     <span class='ocr_line' id='line_1_8' title="bbox 570 684 1846 743; baseline 0.001 -15"><span class='ocrx_word' id='word_1_57' title='bbox 570 688 723 743; x_wconf 67' lang='lat' dir='ltr'>puncto</span> <span class='ocrx_word' id='word_1_58' title='bbox 758 685 833 727; x_wconf 86' lang='lat' dir='ltr'>illo</span> <span class='ocrx_word' id='word_1_59' title='bbox 866 686 1093 727; x_wconf 63' lang='lat' dir='ltr'>reiectionis</span> <span class='ocrx_word' id='word_1_60' title='bbox 1127 684 1352 738; x_wconf 76' lang='lat' dir='ltr'>applicatae</span> <span class='ocrx_word' id='word_1_61' title='bbox 1385 685 1583 726; x_wconf 86' lang='lat' dir='ltr'>laminam</span> <span class='ocrx_word' id='word_1_62' title='bbox 1631 686 1846 729; x_wconf 70' lang='lat' dir='ltr'>reseffione</span> 
     </span>
     <span class='ocr_line' id='line_1_9' title="bbox 567 747 1846 804; baseline 0 -12"><span class='ocrx_word' id='word_1_63' title='bbox 567 752 669 795; x_wconf 64' lang='lat' dir='ltr'>facila</span> <span class='ocrx_word' id='word_1_64' title='bbox 703 750 742 789; x_wconf 89' lang='lat' dir='ltr'>in</span> <span class='ocrx_word' id='word_1_65' title='bbox 777 752 919 802; x_wconf 81' lang='lat' dir='ltr'>eodem</span> <span class='ocrx_word' id='word_1_66' title='bbox 956 749 1055 790; x_wconf 84' lang='lat' dir='ltr'>statu</span> <span class='ocrx_word' id='word_1_67' title='bbox 1092 750 1266 789; x_wconf 88' lang='lat' dir='ltr'>retinere</span> <span class='ocrx_word' id='word_1_68' title='bbox 1301 747 1490 801; x_wconf 80' lang='lat' dir='ltr'>valcant,</span> <span class='ocrx_word' id='word_1_69' title='bbox 1537 751 1583 790; x_wconf 91' lang='lat' dir='ltr'>ad</span> <span class='ocrx_word' id='word_1_70' title='bbox 1618 750 1725 804; x_wconf 87' lang='lat' dir='ltr'>quod</span> <span class='ocrx_word' id='word_1_71' title='bbox 1775 764 1846 792; x_wconf 87' lang='lat' dir='ltr'>ne-</span> 
     </span>
     <span class='ocr_line' id='line_1_10' title="bbox 563 811 1846 865; baseline -0.002 -9"><span class='ocrx_word' id='word_1_72' title='bbox 563 814 724 857; x_wconf 65' lang='lat' dir='ltr'>cessario</span> <span class='ocrx_word' id='word_1_73' title='bbox 759 816 852 854; x_wconf 81' lang='lat' dir='ltr'>duas</span> <span class='ocrx_word' id='word_1_74' title='bbox 887 814 993 853; x_wconf 81' lang='lat' dir='ltr'>vires</span> <span class='ocrx_word' id='word_1_75' title='bbox 1029 814 1181 865; x_wconf 86' lang='lat' dir='ltr'>requiri</span> <span class='ocrx_word' id='word_1_76' title='bbox 1230 812 1406 854; x_wconf 80' lang='lat' dir='ltr'>declarat</span> <span class='ocrx_word' id='word_1_77' title='bbox 1430 843 1442 864; x_wconf 88' lang='lat'>,</span> <span class='ocrx_word' id='word_1_78' title='bbox 1492 811 1658 854; x_wconf 87' lang='lat' dir='ltr'>alteram</span> <span class='ocrx_word' id='word_1_79' title='bbox 1715 816 1846 855; x_wconf 80' lang='lat' dir='ltr'>secun-</span> 
     </span>
     <span class='ocr_line' id='line_1_11' title="bbox 560 875 1847 930; baseline 0 -11"><span class='ocrx_word' id='word_1_80' title='bbox 560 881 661 922; x_wconf 84' lang='lat' dir='ltr'>dum</span> <span class='ocrx_word' id='word_1_81' title='bbox 708 886 939 930; x_wconf 75' lang='lat' dir='ltr'>tangentem</span> <span class='ocrx_word' id='word_1_82' title='bbox 994 877 1196 927; x_wconf 63' lang='lat' dir='ltr'>trahenS,</span> <span class='ocrx_word' id='word_1_83' title='bbox 1241 875 1408 918; x_wconf 81' lang='lat' dir='ltr'>alteram</span> <span class='ocrx_word' id='word_1_84' title='bbox 1463 889 1563 918; x_wconf 83' lang='lat' dir='ltr'>vcro</span> <span class='ocrx_word' id='word_1_85' title='bbox 1615 879 1847 919; x_wconf 80' lang='lat' dir='ltr'>normalem</span> 
     </span>
     <span class='ocr_line' id='line_1_12' title="bbox 561 941 1846 998; baseline -0.002 -13"><span class='ocrx_word' id='word_1_86' title='bbox 561 956 658 985; x_wconf 83' lang='lat' dir='ltr'>cum</span> <span class='ocrx_word' id='word_1_87' title='bbox 696 942 737 982; x_wconf 71' lang='lat' dir='ltr'>vi</span> <span class='ocrx_word' id='word_1_88' title='bbox 786 943 942 983; x_wconf 78' lang='lat' dir='ltr'>elatlica</span> <span class='ocrx_word' id='word_1_89' title='bbox 990 944 1029 982; x_wconf 91' lang='lat' dir='ltr'>in</span> <span class='ocrx_word' id='word_1_90' title='bbox 1083 941 1325 994; x_wconf 74' lang='lat' dir='ltr'>aequilibrio</span> <span class='ocrx_word' id='word_1_91' title='bbox 1371 942 1618 983; x_wconf 70' lang='lat' dir='ltr'>versantem..</span> <span class='ocrx_word' id='word_1_92' title='bbox 1686 942 1846 998; x_wconf 78' lang='lat' dir='ltr'>Quibus</span> 
     </span>
     <span class='ocr_line' id='line_1_13' title="bbox 564 1006 1845 1060; baseline -0.002 -10"><span class='ocrx_word' id='word_1_93' title='bbox 564 1007 754 1050; x_wconf 75' lang='lat' dir='ltr'>adhibitis</span> <span class='ocrx_word' id='word_1_94' title='bbox 789 1016 967 1059; x_wconf 79' lang='lat' dir='ltr'>quatuor</span> <span class='ocrx_word' id='word_1_95' title='bbox 1020 1007 1300 1047; x_wconf 81' lang='lat' dir='ltr'>nanciscuntur</span> <span class='ocrx_word' id='word_1_96' title='bbox 1343 1006 1595 1060; x_wconf 82' lang='lat' dir='ltr'>aequationes</span> <span class='ocrx_word' id='word_1_97' title='bbox 1645 1008 1694 1048; x_wconf 82' lang='lat' dir='ltr'>iis</span> <span class='ocrx_word' id='word_1_98' title='bbox 1744 1019 1845 1060; x_wconf 83' lang='lat' dir='ltr'>quae</span> 
     </span>
     <span class='ocr_line' id='line_1_14' title="bbox 561 1069 1844 1126; baseline -0.002 -12"><span class='ocrx_word' id='word_1_99' title='bbox 561 1075 601 1115; x_wconf 86' lang='lat' dir='ltr'>in</span> <span class='ocrx_word' id='word_1_100' title='bbox 636 1071 781 1113; x_wconf 88' lang='lat' dir='ltr'>Tomo</span> <span class='ocrx_word' id='word_1_101' title='bbox 819 1071 915 1113; x_wconf 88' lang='lat' dir='ltr'>XV.</span> <span class='ocrx_word' id='word_1_102' title='bbox 955 1069 1196 1112; x_wconf 76' lang='lat' dir='ltr'>comment..</span> <span class='ocrx_word' id='word_1_103' title='bbox 1241 1081 1388 1112; x_wconf 79' lang='lat' dir='ltr'>cXtant</span> <span class='ocrx_word' id='word_1_104' title='bbox 1435 1070 1594 1114; x_wconf 72' lang='lat' dir='ltr'>similes„</span> <span class='ocrx_word' id='word_1_105' title='bbox 1633 1083 1653 1114; x_wconf 88' lang='lat' dir='ltr'>a</span> <span class='ocrx_word' id='word_1_106' title='bbox 1707 1071 1844 1126; x_wconf 81' lang='lat' dir='ltr'>priore</span> 
     </span>
     <span class='ocr_line' id='line_1_15' title="bbox 563 1135 1364 1191; baseline -0.002 -11"><span class='ocrx_word' id='word_1_107' title='bbox 563 1148 702 1180; x_wconf 85' lang='lat' dir='ltr'>autem</span> <span class='ocrx_word' id='word_1_108' title='bbox 741 1135 940 1179; x_wconf 86' lang='lat' dir='ltr'>solutione</span> <span class='ocrx_word' id='word_1_109' title='bbox 977 1138 1147 1191; x_wconf 76' lang='lat' dir='ltr'>prorsus.</span> <span class='ocrx_word' id='word_1_110' title='bbox 1172 1138 1364 1180; x_wconf 55' lang='lat' dir='ltr'>diuersae,</span> 
     </span>
    </p>
   </div>
   <div class='ocr_carea' id='block_1_3' title="bbox 555 1262 1843 2150">
    <p class='ocr_par' dir='ltr' id='par_1_3' title="bbox 555 1262 1843 2150">
     <span class='ocr_line' id='line_1_16' title="bbox 712 1262 1843 1323; baseline -0.001 -16"><span class='ocrx_word' id='word_1_111' title='bbox 712 1266 811 1323; x_wconf 79' lang='lat' dir='ltr'>Quo</span> <span class='ocrx_word' id='word_1_112' title='bbox 845 1264 972 1318; x_wconf 72' lang='lat' dir='ltr'>ligitur</span> <span class='ocrx_word' id='word_1_113' title='bbox 1007 1264 1311 1319; x_wconf 81' lang='lat' dir='ltr'>pulcherrimus</span> <span class='ocrx_word' id='word_1_114' title='bbox 1351 1265 1542 1308; x_wconf 85' lang='lat' dir='ltr'>binorum</span> <span class='ocrx_word' id='word_1_115' title='bbox 1594 1262 1843 1306; x_wconf 80' lang='lat' dir='ltr'>solutionum</span> 
     </span>
     <span class='ocr_line' id='line_1_17' title="bbox 561 1328 1841 1384; baseline -0.002 -12"><span class='ocrx_word' id='word_1_116' title='bbox 561 1339 776 1384; x_wconf 78' lang='lat' dir='ltr'>tantopere</span> <span class='ocrx_word' id='word_1_117' title='bbox 809 1343 834 1370; x_wconf 87' lang='lat' dir='ltr'>a·</span> <span class='ocrx_word' id='word_1_118' title='bbox 865 1333 898 1370; x_wconf 81' lang='lat' dir='ltr'>{e</span> <span class='ocrx_word' id='word_1_119' title='bbox 935 1331 1112 1372; x_wconf 84' lang='lat' dir='ltr'>inuicem</span> <span class='ocrx_word' id='word_1_120' title='bbox 1168 1333 1423 1372; x_wconf 88' lang='lat' dir='ltr'>diuersorum</span> <span class='ocrx_word' id='word_1_121' title='bbox 1477 1328 1684 1370; x_wconf 83' lang='lat' dir='ltr'>consensus</span> <span class='ocrx_word' id='word_1_122' title='bbox 1734 1328 1841 1370; x_wconf 72' lang='lat' dir='ltr'>nulli</span> 
     </span>
     <span class='ocr_line' id='line_1_18' title="bbox 559 1393 1842 1447; baseline -0.005 -9"><span class='ocrx_word' id='word_1_123' title='bbox 559 1396 681 1438; x_wconf 74' lang='lat' dir='ltr'>dub-20</span> <span class='ocrx_word' id='word_1_124' title='bbox 717 1396 967 1447; x_wconf 82' lang='lat' dir='ltr'>relinquatur</span> <span class='ocrx_word' id='word_1_125' title='bbox 989 1426 1003 1446; x_wconf 83' lang='grc'>,</span> <span class='ocrx_word' id='word_1_126' title='bbox 1034 1393 1105 1435; x_wconf 87' lang='lat' dir='ltr'>ll-l..</span> <span class='ocrx_word' id='word_1_127' title='bbox 1136 1396 1297 1437; x_wconf 59' lang='lat' dir='ltr'>Auctor</span> <span class='ocrx_word' id='word_1_128' title='bbox 1332 1395 1416 1435; x_wconf 85' lang='lat' dir='ltr'>cius</span> <span class='ocrx_word' id='word_1_129' title='bbox 1445 1393 1842 1434; x_wconf 77' lang='lat' dir='ltr'>demonstrationem</span> 
     </span>
     <span class='ocr_line' id='line_1_19' title="bbox 558 1456 1839 1513; baseline -0.003 -13"><span class='ocrx_word' id='word_1_130' title='bbox 558 1459 624 1500; x_wconf 81' lang='lat' dir='ltr'>hic</span> <span class='ocrx_word' id='word_1_131' title='bbox 674 1460 771 1500; x_wconf 71' lang='lat' dir='ltr'>sistit</span> <span class='ocrx_word' id='word_1_132' title='bbox 823 1460 1070 1511; x_wconf 80' lang='lat' dir='ltr'>completam</span> <span class='ocrx_word' id='word_1_133' title='bbox 1094 1487 1113 1509; x_wconf 22' lang='lat' dir='ltr'>,i</span> <span class='ocrx_word' id='word_1_134' title='bbox 1156 1472 1206 1499; x_wconf 84' lang='lat' dir='ltr'>ex</span> <span class='ocrx_word' id='word_1_135' title='bbox 1261 1471 1338 1513; x_wconf 87' lang='lat' dir='ltr'>qua</span> <span class='ocrx_word' id='word_1_136' title='bbox 1373 1458 1598 1499; x_wconf 85' lang='lat' dir='ltr'>luculenter</span> <span class='ocrx_word' id='word_1_137' title='bbox 1635 1456 1839 1509; x_wconf 85' lang='lat' dir='ltr'>patescit,</span> 
     </span>
     <span class='ocr_line' id='line_1_20' title="bbox 560 1521 1833 1578; baseline -0.002 -15"><span class='ocrx_word' id='word_1_138' title='bbox 560 1524 749 1578; x_wconf 50' lang='lat' dir='ltr'>priorem¹</span> <span class='ocrx_word' id='word_1_139' title='bbox 778 1522 1019 1564; x_wconf 76' lang='lat' dir='ltr'>methodum</span> <span class='ocrx_word' id='word_1_140' title='bbox 1055 1534 1149 1563; x_wconf 88' lang='lat' dir='ltr'>cum</span> <span class='ocrx_word' id='word_1_141' title='bbox 1188 1523 1404 1576; x_wconf 81' lang='lat' dir='ltr'>posteriore</span> <span class='ocrx_word' id='word_1_142' title='bbox 1425 1523 1583 1574; x_wconf 85' lang='lat' dir='ltr'>prorsus</span> <span class='ocrx_word' id='word_1_143' title='bbox 1603 1521 1833 1562; x_wconf 84' lang='lat' dir='ltr'>conuenire.</span> 
     </span>
     <span class='ocr_line' id='line_1_21' title="bbox 561 1583 1838 1640; baseline -0.003 -12"><span class='ocrx_word' id='word_1_144' title='bbox 561 1587 639 1628; x_wconf 87' lang='lat' dir='ltr'>Vbi</span> <span class='ocrx_word' id='word_1_145' title='bbox 675 1596 812 1626; x_wconf 80' lang='lat' dir='ltr'>aut-em</span> <span class='ocrx_word' id='word_1_146' title='bbox 851 1586 972 1640; x_wconf 76' lang='lat' dir='ltr'>probe</span> <span class='ocrx_word' id='word_1_147' title='bbox 1007 1585 1299 1626; x_wconf 75' lang='lat' dir='ltr'>obseruandum</span> <span class='ocrx_word' id='word_1_148' title='bbox 1338 1585 1424 1635; x_wconf 74' lang='lat' dir='ltr'>est,</span> <span class='ocrx_word' id='word_1_149' title='bbox 1454 1595 1504 1624; x_wconf 82' lang='lat' dir='ltr'>ex</span> <span class='ocrx_word' id='word_1_150' title='bbox 1560 1583 1697 1635; x_wconf 78' lang='lat' dir='ltr'>ptiore</span> <span class='ocrx_word' id='word_1_151' title='bbox 1748 1595 1838 1625; x_wconf 87' lang='lat' dir='ltr'>me-</span> 
     </span>
     <span class='ocr_line' id='line_1_22' title="bbox 559 1646 1837 1703; baseline -0.006 -11"><span class='ocrx_word' id='word_1_152' title='bbox 559 1651 686 1692; x_wconf 83' lang='lat' dir='ltr'>thodo</span> <span class='ocrx_word' id='word_1_153' title='bbox 723 1661 848 1703; x_wconf 83' lang='lat' dir='ltr'>neque</span> <span class='ocrx_word' id='word_1_154' title='bbox 885 1648 1105 1690; x_wconf 79' lang='lat' dir='ltr'>tensionem</span> <span class='ocrx_word' id='word_1_155' title='bbox 1144 1659 1268 1702; x_wconf 83' lang='lat' dir='ltr'>neque</span> <span class='ocrx_word' id='word_1_156' title='bbox 1299 1649 1404 1688; x_wconf 82' lang='lat' dir='ltr'>vires</span> <span class='ocrx_word' id='word_1_157' title='bbox 1439 1646 1643 1689; x_wconf 84' lang='lat' dir='ltr'>normales</span> <span class='ocrx_word' id='word_1_158' title='bbox 1669 1647 1714 1686; x_wconf 81' lang='lat' dir='ltr'>ad</span> <span class='ocrx_word' id='word_1_159' title='bbox 1740 1661 1837 1689; x_wconf 82' lang='lat' dir='ltr'>cur-</span> 
     </span>
     <span class='ocr_line' id='line_1_23' title="bbox 556 1712 1837 1767; baseline -0.003 -11"><span class='ocrx_word' id='word_1_160' title='bbox 556 1724 745 1756; x_wconf 81' lang='lat' dir='ltr'>vaturam</span> <span class='ocrx_word' id='word_1_161' title='bbox 785 1715 978 1767; x_wconf 84' lang='lat' dir='ltr'>cuiusque</span> <span class='ocrx_word' id='word_1_162' title='bbox 1031 1714 1227 1754; x_wconf 85' lang='lat' dir='ltr'>elementi</span> <span class='ocrx_word' id='word_1_163' title='bbox 1279 1712 1578 1766; x_wconf 80' lang='lat' dir='ltr'>producendam</span> <span class='ocrx_word' id='word_1_164' title='bbox 1631 1712 1837 1763; x_wconf 75' lang='lat' dir='ltr'>requisitas</span> 
     </span>
     <span class='ocr_line' id='line_1_24' title="bbox 555 1774 1837 1832; baseline -0.004 -10"><span class='ocrx_word' id='word_1_165' title='bbox 555 1779 780 1832; x_wconf 75' lang='lat' dir='ltr'>cognosci,</span> <span class='ocrx_word' id='word_1_166' title='bbox 846 1780 946 1819; x_wconf 89' lang='lat' dir='ltr'>dum</span> <span class='ocrx_word' id='word_1_167' title='bbox 983 1790 1006 1819; x_wconf 89' lang='lat' dir='ltr'>e</span> <span class='ocrx_word' id='word_1_168' title='bbox 1056 1777 1261 1819; x_wconf 76' lang='lat' dir='ltr'>contrario</span> <span class='ocrx_word' id='word_1_169' title='bbox 1293 1777 1336 1818; x_wconf 89' lang='lat' dir='ltr'>in</span> <span class='ocrx_word' id='word_1_170' title='bbox 1390 1777 1604 1831; x_wconf 73' lang='lat' dir='ltr'>ponetiote</span> <span class='ocrx_word' id='word_1_171' title='bbox 1637 1774 1837 1818; x_wconf 83' lang='lat' dir='ltr'>solutione</span> 
     </span>
     <span class='ocr_line' id='line_1_25' title="bbox 557 1837 1833 1895; baseline -0.004 -9"><span class='ocrx_word' id='word_1_172' title='bbox 557 1857 638 1886; x_wconf 88' lang='lat' dir='ltr'>non</span> <span class='ocrx_word' id='word_1_173' title='bbox 674 1842 802 1883; x_wconf 83' lang='lat' dir='ltr'>solum</span> <span class='ocrx_word' id='word_1_174' title='bbox 860 1842 992 1895; x_wconf 88' lang='lat' dir='ltr'>figura</span> <span class='ocrx_word' id='word_1_175' title='bbox 1047 1842 1222 1883; x_wconf 83' lang='lat' dir='ltr'>laminae</span> <span class='ocrx_word' id='word_1_176' title='bbox 1273 1840 1541 1890; x_wconf 81' lang='lat' dir='ltr'>exhibeatur,</span> <span class='ocrx_word' id='word_1_177' title='bbox 1592 1840 1650 1880; x_wconf 90' lang='lat' dir='ltr'>scd</span> <span class='ocrx_word' id='word_1_178' title='bbox 1689 1837 1833 1881; x_wconf 74' lang='lat' dir='ltr'>⁷etiam</span> 
     </span>
     <span class='ocr_line' id='line_1_26' title="bbox 558 1903 1830 1959; baseline -0.003 -10"><span class='ocrx_word' id='word_1_179' title='bbox 558 1909 680 1950; x_wconf 80' lang='lat' dir='ltr'>ssatus</span> <span class='ocrx_word' id='word_1_180' title='bbox 730 1906 938 1948; x_wconf 81' lang='lat' dir='ltr'>violentus</span> <span class='ocrx_word' id='word_1_181' title='bbox 994 1905 1248 1959; x_wconf 72' lang='lat' dir='ltr'>singulorum</span> <span class='ocrx_word' id='word_1_182' title='bbox 1310 1903 1484 1946; x_wconf 87' lang='lat' dir='ltr'>laminae</span> <span class='ocrx_word' id='word_1_183' title='bbox 1530 1903 1830 1945; x_wconf 82' lang='lat' dir='ltr'>elementorum</span> 
     </span>
     <span class='ocr_line' id='line_1_27' title="bbox 555 1969 1831 2021; baseline -0.005 -7"><span class='ocrx_word' id='word_1_184' title='bbox 555 1972 788 2014; x_wconf 80' lang='lat' dir='ltr'>declaretur.</span> <span class='ocrx_word' id='word_1_185' title='bbox 858 1972 969 2013; x_wconf 88' lang='lat' dir='ltr'>Hanc</span> <span class='ocrx_word' id='word_1_186' title='bbox 999 1969 1387 2012; x_wconf 85' lang='lat' dir='ltr'>demonstrationem</span> <span class='ocrx_word' id='word_1_187' title='bbox 1425 1969 1710 2020; x_wconf 85' lang='lat' dir='ltr'>subsequuntur</span> <span class='ocrx_word' id='word_1_188' title='bbox 1732 1979 1831 2021; x_wconf 85' lang='lat' dir='ltr'>qua-</span> 
     </span>
     <span class='ocr_line' id='line_1_28' title="bbox 557 2033 1829 2088; baseline -0.004 -10"><span class='ocrx_word' id='word_1_189' title='bbox 557 2047 651 2078; x_wconf 83' lang='lat' dir='ltr'>tuor</span> <span class='ocrx_word' id='word_1_190' title='bbox 684 2035 973 2088; x_wconf 79' lang='lat' dir='ltr'>elegantissiina</span> <span class='ocrx_word' id='word_1_191' title='bbox 1008 2035 1259 2076; x_wconf 87' lang='lat' dir='ltr'>theoremata</span> <span class='ocrx_word' id='word_1_192' title='bbox 1309 2034 1414 2074; x_wconf 78' lang='lat' dir='ltr'>circa</span> <span class='ocrx_word' id='word_1_193' title='bbox 1462 2033 1669 2085; x_wconf 81' lang='lat' dir='ltr'>egregiam</span> <span class='ocrx_word' id='word_1_194' title='bbox 1723 2034 1829 2073; x_wconf 76' lang='lat' dir='ltr'>tela.-</span> 
     </span>
     <span class='ocr_line' id='line_1_29' title="bbox 557 2097 1824 2150; baseline -0.006 -9"><span class='ocrx_word' id='word_1_195' title='bbox 557 2102 712 2141; x_wconf 80' lang='lat' dir='ltr'>tionem</span> <span class='ocrx_word' id='word_1_196' title='bbox 753 2102 855 2141; x_wconf 88' lang='lat' dir='ltr'>inter</span> <span class='ocrx_word' id='word_1_197' title='bbox 890 2101 1008 2141; x_wconf 75' lang='lat' dir='ltr'>vires·</span> <span class='ocrx_word' id='word_1_198' title='bbox 1032 2100 1295 2141; x_wconf 80' lang='lat' dir='ltr'>elementares</span> <span class='ocrx_word' id='word_1_199' title='bbox 1329 2108 1366 2137; x_wconf 88' lang='lat' dir='ltr'>et</span> <span class='ocrx_word' id='word_1_200' title='bbox 1405 2097 1674 2150; x_wconf 74' lang='lat' dir='ltr'>tangentialcs,</span> <span class='ocrx_word' id='word_1_201' title='bbox 1701 2106 1824 2148; x_wconf 84' lang='lat' dir='ltr'>quam</span> 
     </span>
    </p>
   </div>
   <div class='ocr_carea' id='block_1_4' title="bbox 554 2159 1825 2279">
    <p class='ocr_par' dir='ltr' id='par_1_4' title="bbox 554 2159 1825 2279">
     <span class='ocr_line' id='line_1_30' title="bbox 554 2159 1825 2265; baseline -0.006 -57"><span class='ocrx_word' id='word_1_202' title='bbox 554 2165 751 2223; x_wconf 76' lang='lat' dir='ltr'>posterior</span> <span class='ocrx_word' id='word_1_203' title='bbox 786 2163 1002 2207; x_wconf 85' lang='lat' dir='ltr'>methodus</span> <span class='ocrx_word' id='word_1_204' title='bbox 1038 2164 1388 2222; x_wconf 69' lang='lat' dir='ltr'>i‘uppeditauerat5</span> <span class='ocrx_word' id='word_1_205' title='bbox 1423 2162 1568 2217; x_wconf 83' lang='lat' dir='ltr'>quibus</span> <span class='ocrx_word' id='word_1_206' title='bbox 1597 2159 1748 2265; x_wconf 60' lang='lat' dir='ltr'>adigeta</span> <span class='ocrx_word' id='word_1_207' title='bbox 1770 2159 1825 2201; x_wconf 87' lang='lat' dir='ltr'>cst</span> 
     </span>
     <span class='ocr_line' id='line_1_31' title="bbox 1678 2236 1819 2279; baseline 0 -14"><span class='ocrx_word' id='word_1_208' title='bbox 1678 2236 1819 2279; x_wconf 79' lang='lat' dir='ltr'>cuique</span> 
     </span>
    </p>
   </div>
  </div>
 </body>
</html>
