2012 2724
546 186 662 239 »4:223
695 184 719 240 <
750 198 786 228 0·
810 187 837 239 )“
863 186 980 239 &1032-
1344 203 1409 247 39—

121 300 212 343 inde
247 297 379 340 {latim
413 299 517 341 onus'
553 311 575 339 a
628 299 792 342 maiore*
834 302 1092 344 sustentatum
1144 303 1189 361 Q
1234 305 1399 350 definiri

119 365 301 419 poterit,
335 375 410 418 pro
443 376 525 418 quo
560 374 696 404 autem
720 396 732 415 ‚
783 377 830 406 ne
870 369 910 408 in
963 369 1200 419 negatiuum
1253 371 1394 424 abeat,

118 429 337 481 requiritur
378 438 422 470 vt
460 429 507 469 sit
542 431 626 481 q>
651 425 807 490 -Aa-ffp.
892 431 960 472 Ex
1007 445 1084 486 qua
1146 434 1394 478 limitatione

116 505 244 545 statim
293 514 430 558 patet,
475 503 714 545 machinam
768 506 814 547 ad
867 504 1179 549 similitudinem
1235 511 1395 552 moduli

112 580 189 608 non
229 567 276 608 ad
329 570 514 621 quamuis
557 569 879 620 magnitudinem
920 572 1060 622 augeri
1111 572 1250 626 poffe,
1300 577 1393 628 quia

112 633 342 674 maitimam
389 634 690 686 longitudinem
729 627 1011 706 Azssa
1061 639 1392 690 transgrediendo

109 709 242 749 maior
291 709 394 750 funis
449 722 526 751 non
560 708 687 750 solum
721 707 884 748 nullum
936 720 1037 749 onus
1072 711 1283 754 sustentare
1315 727 1391 757 va-

105 772 228 823 leret,
262 775 320 813 sed
354 774 449 814 adeo
484 774 651 826 proprio
689 773 757 812 suo
792 772 966 825 pondere
1002 773 1279 816 diuelleretur.

260 869 349 911 Hoc
384 870 468 911 casu
504 870 692 922 expedito
722 867 789 909 1·111.
826 867 985 910 Aue'tor
1029 868 1070 909 in
1123 869 1382 916 resistentiam

106 935 311 989 inquirit,
344 947 464 988 quam
504 935 629 975 trabes
664 934 792 975 aliaue
825 945 994 985 corpora
1029 935 1157 987 rigida
1193 939 1379 993 ruptioni

103 1009 354 1053 opponunt,
388 1011 471 1053 quo
511 1001 673 1040 (ummo
717 1000 815 1039 cum
856 999 1050 1039 acumine
1106 1001 1301 1054 peraeto,
1352 1003 1389 1046 si'

103 1059 318 1106 stabiliatur
354 1064 571 1116 longitudo
606 1063 738 1118 pontis
772 1063 896 1114 ΞΑ,
931 1063 1091 1105 moduli
1125 1079 1234 1115 za,
1271 1079 1379 1122 pon-

100 1131 173 1169 dus
206 1129 357 1179 njoduli
387 1137 489 1185 ῑρ,
511 1130 644 1183 pontis
680 1138 732 1164 Ξ
752 1129 795 1178 P,
829 1138 852 1177 q
886 1135 927 1167 et
961 1128 1010 1184 Q
1037 1141 1136 1172 vero
1168 1130 1378 1184 designent

100 1206 259 1235 oneraa
296 1195 464 1235 modulo
499 1204 539 1234 et
576 1203 698 1248 ponte
733 1193 819 1246 ipso
855 1192 1113 1245 sustentanda,
1150 1208 1222 1249 per
1260 1198 1376 1251 prin-

96 1259 199 1313 cipia
237 1259 283 1298 iis
319 1258 498 1314 similia,
532 1260 682 1312 quibus<
708 1268 819 1298 antea
855 1268 930 1310 pro
961 1258 1121 1298 funibus
1161 1262 1263 1300 vsus·
1290 1262 1375 1312 est,

98 1325 143 1362 ad
175 1323 271 1363 lianc
325 1326 565 1376 perducitur
605 1323 885 1377 aequationem
930 1322 1114 1364 valorem
1166 1325 1298 1366 oneris
1330 1325 1379 1382 Q

100 1388 429 1437 exprimentem:
477 1389 586 1443 Q:
606 1399 668 1428 nn
688 1395 741 1443 (p
760 1396 820 1434 —4-
842 1397 931 1441 4-
950 1389 1048 1443 up)
1087 1415 1112 1438 ,‚
1148 1389 1216 1430 vbi
1274 1400 1318 1429 n:
1344 1403 1362 1429 1

99 1450 302 1490 rationem
339 1452 634 1492 dimensionum
670 1452 806 1503 pontis
845 1461 887 1490 et
944 1452 1101 1493 moduli
1152 1452 1369 1506 exprimit.

97 1512 162 1553 Ex
236 1512 306 1552 hac
375 1522 512 1553 autem
585 1514 818 1566 aequatione
874 1514 1129 1566 consequitur
1182 1517 1369 1558 conditio

93 1575 253 1629 q>(n
278 1597 313 1604 —
348 1590 362 1615 ι
392 1580 444 1630 >p
467 1608 477 1625 ‚
512 1589 630 1630 quem
670 1577 850 1616 limitem
886 1588 986 1615 onus
1021 1588 1041 1615 a
1082 1577 1250 1618 modulo
1290 1591 1367 1630 gc·

91 1643 232 1681 ilatum
267 1652 315 1680 co
360 1642 486 1690 magis
537 1642 698 1692 superet
753 1634 899 1678 necesse
948 1639 1031 1689 est,
1079 1652 1162 1694 quo
1211 1643 1367 1685 maiora

87 1706 175 1746 sunt
207 1705 504 1758 onera‚quibus
543 1704 621 1758 ipse
659 1713 756 1757 pons
788 1702 1047 1744 sustentandis
1078 1717 1150 1758 par
1184 1705 1259 1747 effe
1293 1709 1365 1749 de-

86 1771 159 1810 bet.
226 1767 420 1811 Ceterum
458 1770 527 1812 111.
565 1768 719 1810 Aue‘tor
755 1767 996 1817 obseruat,si
1032 1781 1132 1821 pons
1167 1771 1213 1810 ad
1267 1784 1362 1825 per-

86 1834 227 1874 fetstam
262 1832 567 1876 similitudinem
605 1831 827 1873 exstructus
862 1844 940 1872 non
971 1834 1057 1873 satis
1084 1834 1238 1874 roboris
1263 1837 1360 1878 effet

86 1895 313 1947 habiturus,
345 1898 441 1939 huic
476 1898 644 1940 defeetui
682 1896 910 1939 remedium
947 1897 1080 1938 afferri
1117 1898 1355 1952 posse,dum

87 1963 269 2004 craffities
304 1963 474 2003 trabium
510 1965 614 2004 vltra
649 1965 849 2002 rationem
892 1973 968 2001 1:72
1003 1973 1212 2015 augeatur,
1231 1977 1355 2019 quem

89 2027 128 2066 in
184 2025 308 2065 finem
364 2026 535 2067 tabulam
593 2027 881 2068 annectendam
934 2027 1087 2068 censuit
1108 2059 1119 2079 ‚
1173 2040 1224 2069 ex
1278 2043 1357 2083 qua

85 2098 241 2142 pateat,
275 2090 430 2143 quoties
465 2091 557 2134 haec
590 2092 693 2134 ratio
735 2090 877 2145 augeri
919 2089 1088 2141 debeat,
1136 2101 1195 2133 vt.
1232 2097 1354 2147 ponti

80 2154 168 2195 (atis
200 2155 356 2196 roboris
389 2155 638 2197 concilietur.

1215 2221 1324 2266 Deni
1333 2246 1349 2254 -
