2012 2724
532 169 620 214 358
821 161 903 204 DE
940 156 1259 202 FORAMlNE
1292 156 1490 203 OVALI.

537 278 617 319 siue
652 286 757 316 nunc
789 286 840 316 ex
874 275 1018 316 dextro
1053 273 1138 315 finu
1174 274 1215 315 in
1253 272 1456 317 sinistrum
1498 272 1655 328 sanguis
1695 281 1809 317 tran-

536 343 646 392 scat,
681 339 740 380 vti
779 338 1073 392 plerorumque
1107 338 1460 382 Anatomicorum
1496 339 1687 382 sententia
1715 339 1811 388 fuit,

543 405 623 447 siue
659 412 797 444 contra
829 415 878 444 ex
914 402 1071 445 finistro
1105 404 1146 445 in
1184 404 1376 446 dextrum
1410 404 1480 446 ille
1515 403 1818 459 progrediatur,

538 479 586 510 vt
616 468 685 509 alii
721 466 978 521 voluerunt,
1014 467 1097 509 siue
1129 468 1305 525 denique
1342 471 1556 524 vtriusque
1591 470 1697 510 ssnus
1729 470 1810 510 san-

541 534 633 586 guis
668 533 896 587 promiscue
931 534 1267 588 commisceatur,
1283 535 1389 589 quod
1426 533 1616 577 similiter
1650 545 1811 589 propo-

537 597 656 639 situm
690 598 779 638 fuit.

322 700 369 734 Ea
413 698 500 743 legi·
688 694 721 743 ξ.
764 705 799 737 2.
835 693 1008 736 Certum
1042 694 1129 747 est,
1164 694 1336 748 simplex
1367 694 1568 737 eiusmodi
1603 696 1815 745 foramen,

324 748 500 784 busnatu-
543 757 582 796 in
622 759 757 797 medio
808 759 984 798 duorum
1029 757 1335 801 cohaerentium
1387 763 1573 800 valorum
1629 762 1816 814 pariete,

320 809 624 885 ξῗξξῖξέζῖᾳυο
657 827 741 862 vala
787 820 880 862 haec
936 824 1039 862 inter
1093 823 1129 862 se
1179 824 1562 873 communicarent,
1615 836 1812 878 nusquam

328 899 436 935 detur.
541 884 636 925 alibi
672 887 711 925 in
746 895 916 938 corpore
950 884 1133 925 humano
1155 886 1219 925 vel
1238 887 1405 927 animali
1428 887 1615 941 reperiri.
1651 887 1816 930 Ductus

542 947 686 1001 vbiquc
722 950 894 1002 reperies
928 949 1337 1000 communicatorios‚
1373 953 1555 992 maxime
1595 952 1635 991 in
1673 953 1818 1002 venis,

539 1023 580 1052 et
614 1012 770 1053 orificia
807 1014 952 1066 vbique
986 1014 1135 1053 videbis
1168 1014 1368 1054 ductuum
1407 1013 1472 1054 vel
1508 1016 1716 1066 vasorum,
1753 1017 1814 1057 sed

542 1077 659 1118 nulla
694 1076 892 1129 simplicia
927 1078 1136 1117 foramina.
1222 1077 1367 1131 Neque
1417 1077 1495 1119 hoc
1546 1079 1668 1121 etiam
1723 1077 1813 1119 fieri

540 1139 671 1191 solet,
721 1151 767 1180 vt
804 1141 958 1192 languis
990 1151 1041 1180 ex
1077 1150 1158 1180 vno
1194 1141 1281 1180 vase
1319 1141 1599 1194 progrediatur
1633 1142 1675 1181 in
1710 1140 1818 1182 alte·

538 1215 635 1245 rum
658 1234 670 1257 ,
705 1204 801 1258 quin
840 1203 959 1245 simul
996 1203 1036 1244 in
1074 1203 1143 1245 suo
1178 1204 1322 1245 itinere
1359 1214 1683 1258 promoueatur,
1717 1217 1812 1259 pro-

535 1270 710 1325 piusque
743 1270 898 1310 accedat
931 1268 975 1308 ad
1011 1266 1128 1309 illum
1163 1266 1329 1322 scopum
1352 1298 1364 1319 ,
1410 1270 1604 1320 quorsum
1641 1267 1811 1310 destina-

540 1342 608 1375 tus
623 1334 688 1376 est,
729 1332 777 1374 ln
799 1334 932 1374 nostro
951 1342 1088 1373 autem
1106 1342 1261 1383 organo
1280 1333 1454 1385 sanguis,
1480 1334 1579 1374 dum
1598 1344 1651 1375 ex
1670 1334 1814 1374 dextro

539 1399 582 1439 in
619 1395 857 1448 finistrum,
894 1396 959 1438 vel
994 1407 1046 1438 ex
1091 1395 1166 1437 hoc
1205 1397 1246 1437 in
1283 1395 1404 1438 illum
1460 1396 1593 1438 finum
1646 1397 1817 1447 transit,

540 1461 678 1503 nihilo
709 1462 822 1503 cordi
859 1461 1024 1516 propior
1060 1462 1270 1510 redditur,
1317 1471 1357 1502 et
1406 1462 1580 1503 omnino
1616 1473 1687 1515 per
1722 1474 1813 1501 am-

539 1526 655 1577 bages
689 1525 884 1567 ambulat.
954 1525 1103 1579 Neque
1137 1536 1274 1566 tamen
1311 1525 1411 1567 iolet
1444 1536 1584 1567 natura
1628 1526 1689 1567 vti
1728 1536 1817 1566 me·

537 1591 614 1631 diis
642 1619 653 1640 ,
686 1590 802 1632 semel
839 1589 1128 1632 tantummodo
1162 1597 1204 1629 et
1238 1590 1361 1631 vnico
1395 1592 1435 1633 in
1474 1592 1561 1631 casu
1597 1588 1812 1640 adhibitis,

540 1655 637 1707 quin
673 1655 841 1706 analoga
876 1667 1019 1696 eorum
1054 1651 1241 1708 exempla
1274 1654 1316 1694 in
1352 1654 1442 1695 aliis
1474 1654 1574 1695 locis
1608 1655 1814 1705 reperian-

539 1729 622 1760 tur.
689 1720 745 1760 Et
779 1719 859 1770 ipse
880 1750 892 1770 ‚
940 1731 1063 1772 quem
1097 1728 1240 1758 contra
1273 1717 1476 1768 generales
1508 1716 1612 1768 leges
1646 1718 1816 1756 arteria-

541 1794 639 1824 rum
677 1784 715 1824 in
750 1782 872 1823 dustu
907 1782 1100 1824 arterioso
1130 1774 1359 1827 ΒΟΥΛΗΙ
1395 1791 1434 1821 et
1469 1791 1578 1821 aorta
1616 1780 1816 1830 videmus,

537 1848 712 1888 duarum
747 1848 990 1890 arteriarum
1025 1843 1232 1889 confluxus
1253 1876 1264 1896 ‚
1299 1855 1452 1898 praeter
1486 1844 1719 1885 innumeras
1753 1856 1813 1882 ar-

543 1913 744 1953 teriarum
796 1912 1005 1952 minorum
1057 1911 1313 1952 anastomoses
1365 1908 1523 1962 insigne
1574 1908 1812 1963 exemplum

534 1976 759 2030 analogum
797 1976 913 2018 habet
948 1976 988 2018 in
1021 1977 1166 2017 arteria
1198 1974 1383 2020 basilian,

695 2074 724 2124 §.
764 2087 802 2124 3.
842 2074 946 2115 Haec
978 2082 1132 2125 nutem,
1166 2073 1355 2126 quamuis
1387 2070 1654 2124 aliquomodo
1685 2068 1812 2109 ideam

541 2138 755 2181 foraminis
789 2139 919 2181 oualis
952 2139 1168 2196 suipcstam
1205 2139 1366 2181 reddere
1397 2135 1614 2192 potuiffcnt
1641 2163 1655 2184 ‚
1685 2131 1809 2173 mini-

1745 2205 1810 2233 ule
