2012 2724
559 200 653 251 458
860 181 1204 233 sancALAE
1244 178 1535 225 msromA.

559 307 775 351 secundum
811 313 931 356 quem
976 299 1111 355 potius
1163 297 1381 348 montosa,
1428 307 1554 349 quamv
1601 297 1831 348 campestria

558 387 632 428 pro
668 371 832 416 statione
865 364 935 407 sibi
969 366 1116 417 eligit,
1157 361 1348 416 probabile
1391 360 1521 401 reddit
1541 391 1565 411 ‚.
1594 361 1702 413 quod
1756 360 1833 403 hoe

562 440 692 477 mines
731 430 930 487 primaeui
966 431 1115 484 paritet
1157 426 1336 468 montosa
1384 424 1648 466 inhabitantes
1699 426 1835 478 potius

559 497 824 543 Schacalam‚
863 505 988 548 quam
1039 491 1262 546 Vulpem,
1316 491 1355 531 in
1406 489 1547 531 iisdem
1599 489 1829 542 regionibus

555 564 741 618 equidem
776 559 945 600 obuium
971 585 983 607 ,
1035 557 1097 598 sed
1138 555 1370 609 campestria
1416 566 1495 595 non
1534 556 1828 597 montosafrn-

560 637 836 684 queritantem,
871 622 940 664 fibi
974 621 1258 668 adsociauerint
1293 629 1423 674 atque,
1445 619 1729 662 cicurauerint.

714 725 773 767 Ea
809 721 1019 765 Schacalae
1059 721 1254 771 audacia,
1300 731 1377 774 qua
1427 731 1506 760 non
1564 718 1695 760 solum
1749 715 1834 759 loca

562 790 738 832 habitata
759 819 771 839 ,
807 797 852 829 vt
888 787 1035 841 Lupus·
1062 796 1103 828 et
1140 785 1294 839 Vulpes
1326 783 1478 834 solent,
1521 784 1583 825 sed
1618 784 1720 837 ipsos
1755 781 1835 823 ho-

567 856 699 896 mines
753 852 960 901 viatores,
1007 851 1073 890 sub
1109 851 1176 891 dio
1208 852 1283 892 seu¹
1322 849 1388 889 sub
1440 847 1697 891 tabernaculis
1743 858 1834 900 per*

567 919 773 960 noctanter,
794 942 805 963 ,
838 925 937 966 quos
970 912 1077 964 Lupi
1115 923 1156 953 et
1192 914 1342 965 Vulpes
1376 912 1572 963 fugiunt,
1605 913 1686 952 adit
1719 919 1759 950 et
1794 910 1837 950 in

569 982 657 1035 ipso
691 979 866 1021 intinere
901 976 1062 1026 longius
1095 976 1309 1024 comitat,.
1349 984 1395 1014 vt
1431 987 1571 1015 omues
1606 975 1843 1028 peregrina*

568 1055 680 1086 tores
709 1043 901 1083 testantur
934 1049 974 1080 et
1005 1049 1170 1090 egomet
1205 1040 1283 1092 ipre
1315 1046 1502 1091 expertus
1539 1039 1623 1078 sum
1643 1066 1653 1083 ‚
1687 1036 1839 1089 proba—

567 1109 643 1150 bile
676 1105 797 1155 facit,
833 1104 950 1145 hocce
984 1102 1134 1141 animal
1191 1101 1299 1154 quasi
1350 1102 1486 1142 inuito
1539 1101 1706 1142 homine
1751 1101 1840 1154 pri-

567 1183 713 1214 maeuo
748 1166 980 1219 troglodyte
1012 1165 1097 1204 eius
1129 1165 1353 1204 societatem
1399 1164 1527 1203 iniiffe
1560 1174 1599 1204 et
1643 1164 1841 1204 comitem

568 1231 876 1288 inseparabilem*
900 1229 1163 1280 subsequentis
1197 1227 1284 1267 aeui
1321 1227 1554 1266 nomadibus
1576 1238 1627 1269 ex
1654 1226 1841 1267 instindhl

569 1296 746 1342 naturali
777 1294 857 1337 sese
897 1292 1107 1334 obtuliffe..
1177 1291 1287 1332 Hinc
1340 1299 1380 1331 et
1413 1289 1514 1332 hanc
1565 1294 1616 1335 ob
1668 1289 1842 1330 cauffam

572 1361 761 1407 Schacala
798 1358 938 1400 multo
983 1354 1279 1408 verosimilius,
1328 1367 1452 1409 quam
1488 1355 1628 1413 Lupus
1658 1362 1698 1395 et
1733 1352 1850 1396 Vul-

572 1440 640 1486 pes
673 1437 747 1484 pro
785 1421 892 1465 Cane
929 1423 1011 1465 fero
1046 1420 1217 1465 habenda
1253 1421 1333 1465 effi,

728 1518 975 1574 Magnitudo
1008 1519 1214 1564 Schacalae
1249 1518 1441 1562 naturalis
1485 1520 1612 1562 media
1645 1519 1698 1561 est
1734 1518 1842 1565 inter

572 1588 772 1631 maximas
807 1595 848 1625 et
883 1585 1076 1627 minimas
1109 1585 1230 1628 Canis
1264 1586 1494 1635 varietate53
1531 1584 1602 1638 pili
1638 1581 1842 1627 Schacalae

574 1654 789 1706 rigidiores
820 1651 943 1701 sunt,
994 1662 1037 1690 ac
1073 1660 1251 1703 vnquam
1289 1648 1349 1689 illi
1397 1647 1519 1690 Canis
1569 1649 1642 1689 esse
1693 1648 1845 1698 solcut3

575 1716 793 1769 longitudo
826 1724 972 1755 eorum
1008 1713 1136 1754 media
1169 1712 1224 1753 est
1257 1712 1360 1752 inter
1391 1711 1642 1764 longissimos
1673 1721 1715 1752 et
1757 1711 1847 1750 bre-

573 1781 756 1824 viffimos
788 1777 894 1832 pilos
915 1807 927 1827 ‚
958 1778 1101 1830 quibus
1136 1776 1276 1817 variae
1313 1775 1435 1818 Canis
1475 1775 1682 1814 varietates
1734 1785 1847 1826 prae-

574 1847 681 1889 ditae
714 1844 832 1893 sunt;
867 1840 1027 1881 tandem
1063 1841 1176 1882 rostri
1211 1837 1426 1882 Schacalae
1476 1838 1620 1889 figura<
1662 1837 1848 1879 medium

577 1917 687 1952 tenet
731 1907 837 1947 inter
891 1904 1188 1947 acutissimam
1220 1903 1462 1944 obtufissima
1496 1901 1700 1942 variarum
1724 1895 1849 1942 Canis'

576 1973 822 2016 varietatum
857 1971 978 2010 rostra
1000 2000 1011 2020 ‚
1057 1980 1154 2022 quae
1185 1979 1285 2020 ergo
1317 1977 1483 2021 propter
1531 1963 1623 2005 haec
1672 1975 1846 2017 quatuor

581 2037 773 2080 attributa
809 2032 962 2076 facilius
994 2045 1045 2077 ex
1076 2032 1175 2088 illa,
1209 2044 1330 2088 quam
1382 2041 1435 2073 ex
1472 2028 1609 2085 Vulpe
1642 2029 1706 2070 seu
1727 2028 1854 2083 Lupo

583 2102 684 2148 oriri
718 2109 957 2158 potuerunt.

1647 2222 1852 2264 Dentium
