2012 2724
454 220 536 263 DE
575 217 901 263 FORAMINE
933 215 1131 259 ovALr.
1339 232 1430 272 407

153 339 193 379 in
230 337 448 380 sufficiente
480 336 704 388 quantitate
740 331 961 374 transmitti
999 331 1150 386 possit,
1198 329 1237 374 id
1282 346 1428 389 repen⁴

154 405 259 443 setur
293 405 337 443 ab
371 402 513 443 altero.
593 400 738 455 Quum
792 397 907 436 enim
947 399 1076 437 foetus
1109 399 1289 439 astutum
1331 413 1433 441 mo·
1477 437 1479 439 .

152 469 339 517 rire-tur,
370 466 681 520 quamprimum
723 461 934 515 peculiaris
971 461 1065 502 haec
1102 465 1168 504 via
1212 464 1429 518 intercipe·

154 545 296 581 retur,
330 544 405 586 qua
444 529 626 580 sanguis,
661 526 819 567 intac‘tis
864 525 1128 581 pulmonibus
1173 530 1221 569 ad
1270 539 1429 572 aortam

153 599 392 647 reducitur5
427 602 599 636 cautum
636 592 720 642 est,
757 604 803 633 ne
839 592 877 633 id
914 591 1018 645 fiat,
1051 593 1205 648 duplici
1242 595 1307 635 via
1364 596 1428 636 in-

152 662 287 704 stituta
309 694 319 714 ‚
351 670 523 714 quarum
559 657 588 699 si
623 658 747 699 altera
793 657 953 700 inutilis
1005 672 1247 714 quocunque
1302 659 1426 702 modo

152 726 300 778 fieret,
329 722 452 765 altera
491 733 629 765 tamen
669 724 915 766 traducendo
946 725 1128 778 {anguini
1162 724 1376 767 sufficeret.

295 854 329 903 §st
371 863 445 905 45.
482 854 588 898 Haec
625 848 744 906 sunt,
794 863 895 906 quae
930 852 1250 895 obseruaueram.
1322 852 1429 894 Pau-

147 915 310 958 ciffimis
362 929 497 961 tamen
550 932 661 960 nunc
718 918 979 969 respiciamus
1029 917 1074 957 ad
1121 916 1278 968 primas
1337 918 1424 970 illas

143 993 256 1023 meas
289 984 335 1023 de
370 984 568 1024 foramine
600 981 708 1024 ouali
743 980 1042 1033 cogitationes,
1080 989 1177 1033 quas
1213 980 1259 1021 ad
1296 981 1430 1023 secun-

141 1047 241 1088 dum
278 1047 399 1088 huius
431 1047 713 1089 dissertationis
750 1055 909 1099 paragr.
944 1045 1105 1099 scripsi:
1149 1045 1319 1098 reperiri
1366 1046 1428 1088 ss-

142 1111 244 1152 mile
267 1111 441 1166 simplex
474 1116 672 1161 foramen,
709 1123 791 1165 quo
824 1111 906 1152 duo
943 1112 1031 1152 vasa
1067 1111 1278 1162 sanguinea
1315 1111 1421 1155 inter

140 1177 176 1218 se
209 1179 589 1227 communicarent,
623 1186 818 1227 nusquam
856 1174 898 1213 in
934 1183 1023 1214 toto
1059 1186 1229 1228 corpore
1265 1176 1424 1219 humae

142 1253 196 1282 no
231 1239 297 1279 vel
332 1240 535 1291 animali3
581 1251 620 1281 et
654 1240 726 1281 effe
763 1238 892 1289 igitur
928 1237 1032 1280 illud
1068 1238 1239 1290 vnicum
1277 1241 1318 1281 in
1354 1241 1425 1284 suo

141 1316 287 1357 genere
324 1334 336 1355 ‚
405 1304 643 1346 cuiusmodi«
695 1302 832 1345 vnicis-
878 1312 1014 1344 tamen
1067 1303 1110 1344 in
1159 1304 1235 1345 suo·
1279 1316 1425 1357 genere

141 1380 280 1410 natura
332 1368 396 1411 vti
447 1382 527 1410 nou
580 1367 735 1420 soleat;‚·
779 1368 1021 1420 sanguinem.
1060 1379 1162 1410 vero
1212 1368 1423 1412 ambulare

141 1447 212 1486 per
263 1434 480 1487 ambages,
527 1433 630 1474 dum.
673 1445 731 1474 ex.
783 1432 936 1474 dextro*
983 1431 1070 1474 sinu
1114 1433 1161 1473 in:
1211 1430 1424 1477 finissrum*

143 1499 320 1537 transeat.
423 1499 638 1539 Neutrum
702 1499 790 1539 sane
841 1496 999 1538 horum
1045 1499 1099 1539 de
1142 1496 1290 1549 orifi'cz'o·
1323 1499 1422 1550 sini·

124 1561 213 1616 stro
245 1574 364 1604 venae
398 1575 512 1604 cauae
546 1562 736 1616 inferioris
756 1592 773 1611 ,.
819 1561 936 1614 quale
989 1562 1030 1603 in
1086 1575 1256 1617 corpore
1290 1566 1427 1606 foetus·

137 1627 305 1677 existit,
339 1629 418 1669 dici
457 1629 596 1683 potest.
669 1626 883 1668 Sinistrum
928 1626 1006 1676 th
1056 1626 1302 1681 orificium,
1352 1630 1418 1672 vti

137 1690 332 1732 dextrum
359 1722 370 1743 ‚
418 1705 543 1734 venae
591 1702 715 1734 cauae
741 1691 941 1733 inferioris
979 1690 1190 1734 orificium
1224 1693 1308 1743 est,
1351 1693 1421 1736 vti>

138 1754 354 1797 innumera
404 1759 648 1799 arteriarum
699 1766 748 1799 et
793 1768 991 1798 venarum
1040 1756 1412 1799 crificia-dantur.

136 1818 194 1860 Et
227 1822 380 1873 sanguis
410 1822 515 1863 resta
550 1833 601 1863 ex
635 1832 744 1862 vena·
777 1820 817 1862 in
852 1821 1028 1872 finum„
1070 1833 1129 1863 ex:
1173 1822 1267 1863 finu·
1313 1834 1423 1866 vero·

138 1883 180 1923 in
214 1885 494 1927 ventriculum
527 1887 658 1929 cordis
695 1886 851 1930 transit.
935 1885 1036 1930 Hoc·
1070 1896 1216 1930 contra*
1244 1898 1414 1943 genera·

137 1946 219 1987 lem
256 1959 453 1990 venarum
489 1949 620 2001 legem
655 1954 740 2005 est,
772 1952 878 2005 quod
914 1964 1031 1993 more
1072 1954 1316 1995 arteriarum
1369 1952 1420 1993 int

136 2011 219 2052 duo
251 2012 434 2063 crificia,
469 2013 566 2063 vel,
600 2025 647 2056 vt
680 2019 720 2059 in
757 2015 924 2067 vitulo,
964 2016 1005 2056 in
1040 2016 1139 2056 duos
1173 2027 1309 2056 ramos
1342 2015 1409 2056 di·

136 2077 299 2118 vid-atur
323 2109 333 2127 ‚
368 2090 466 2131 quae
503 2078 675 2134 simplex
709 2083 789 2123 iam
825 2070 925 2133 erat,
962 2091 1063 2121 vena
1099 2090 1193 2121 caua
1228 2079 1408 2122 inferior.

137 2140 210 2182 Sed
244 2142 431 2195 exempla
467 2153 602 2184 tamen
636 2146 784 2188 dantur
820 2146 968 2188 similis
999 2155 1199 2185 venarum
1235 2141 1413 2185 diuisio-

135 2206 225 2259 nis;
259 2218 298 2249 et
335 2208 556 2260 videmus,
611 2221 660 2250 ne
694 2213 828 2254 dicam
865 2213 913 2252 de
947 2208 1225 2264 copiosissimis
1244 2208 1408 2251 :subcu-

1264 2284 1407 2316 tanea-
