2012 2724
444 201 526 244 DE
558 198 884 245 FORAMINF,
920 197 1125 243 OVALI.
1327 214 1420 255 413

298 311 411 354 liaris
449 315 632 356 valuulae
668 309 960 359 EVSTACHH
999 325 1145 366 οπως,
1179 320 1218 354 et
1260 313 1424 371 limbus,

297 391 349 419 ex
382 392 466 434 quo
500 383 632 420 oritur
657 410 667 429 ‚
703 386 781 432 ιρις
807 410 818 429 ,
852 393 890 419 et
938 380 1117 431 plurima
1154 379 1230 420 alia
1266 381 1307 421 in
1358 381 1425 425 his

298 447 527 495 regionibus
560 446 733 483 omuino
776 443 954 494 neglcsta
994 449 1094 485 (unt.

209 510 248 550 6.
275 512 316 548 6.
353 509 539 563 Spatium
579 506 646 549 hic
681 506 844 561 aliquod
881 507 988 548 fibris
1024 507 1318 551 muscularibus
1354 523 1428 553 va-

298 584 436 614 cuum.

246 671 251 676 .
274 650 312 686 7.
339 643 375 677 8.
398 648 439 684 9.
481 635 656 678 Valuul.1
691 630 998 683 EVSTACHH·

214 714 250 751 5.
290 702 389 744 Eius
421 711 660 744 extremntas
694 705 871 744 anterior
898 735 910 755 ,
960 715 1035 758 qua
1078 714 1128 744 ex
1163 702 1274 744 disto
1306 715 1427 746 com-

292 765 407 805 muni
447 765 575 807 limbo
604 800 614 819 ‚
657 770 716 809 scu
742 799 754 819 ,
788 770 895 822 quod
931 770 1037 809 idem
1071 769 1148 809 fere
1175 798 1186 819 ,
1222 780 1275 808 ex
1310 781 1428 811 arcus

292 842 408 871 crure
442 833 640 875 anteriori
674 834 821 876 oritur.
906 834 1075 874 Limbus
1108 833 1219 871 enim
1255 835 1296 872 in
1331 845 1423 874 crus

290 895 514 936 continuat.

207 968 247 1009 7.
284 958 396 1000 Bafis
435 959 639 1007 valuu1ae‚
673 961 732 1000 seu
772 971 916 1013 margo
951 968 1156 999 connexus
1189 967 1226 998 et
1249 959 1433 1013 Gaffiot,

293 1036 378 1077 quo
413 1025 600 1076 supremo
636 1024 780 1078 parieti
813 1023 956 1067 dextro
993 1034 1119 1064 venae
1155 1035 1273 1064 cauae
1317 1026 1427 1066 iufe—

295 1089 414 1129 rioris
452 1089 522 1131 ills
563 1088 719 1130 infidet.

206 1160 245 1198 8,
284 1154 429 1205 Margo
461 1164 600 1194 acutus
623 1183 634 1203 ,
685 1154 754 1205 qui
794 1151 959 1205 pulchre
996 1151 1234 1193 reticulatus
1269 1152 1310 1192 in
1348 1152 1427 1195 hoc

292 1219 449 1256 infante
482 1228 577 1259 erar.
647 1217 874 1258 Filumenta
896 1247 907 1266 ,
940 1217 1153 1268 quomodo
1185 1217 1426 1259 connectan-

298 1291 364 1320 tur
400 1280 504 1319 inter
540 1284 607 1330 (e,
645 1280 758 1321 facile
794 1291 1001 1333 apparent.

204 1356 247 1393 9.
286 1343 540 1385 Extremitas
581 1345 787 1398 posterior,
827 1345 915 1384 satis
949 1345 1069 1385 crassa
1103 1343 1169 1386 hic
1206 1354 1247 1385 et
1283 1344 1425 1397 ¹fortis,

297 1421 374 1462 qua
410 1407 484 1461 ipsi
520 1410 717 1463 superiori
752 1410 856 1462 parti
895 1421 1009 1448 arcus
1041 1409 1205 1450 valuula
1225 1408 1423 1450 adhaeret.

211 1491 326 1529 8.10
370 1496 437 1524 11.
464 1498 527 1528 12,
562 1499 632 1535 13.
659 1496 822 1535 14.15.
859 1481 1086 1525 Orificium
1138 1497 1262 1525 venae
1304 1497 1426 1527 cauae

297 1549 499 1591 inferioris
534 1551 725 1590 dextrum
751 1579 762 1598 ‚
797 1549 902 1602 quod
927 1580 938 1600 ,
972 1548 1044 1588 nifi
1082 1562 1225 1589 venam
1277 1562 1423 1590 cauam

300 1616 551 1668 superiorem
573 1647 586 1670 ,
628 1613 837 1655 orificium
874 1613 1095 1655 ventriculi
1130 1624 1169 1654 et
1205 1626 1327 1654 venae
1355 1627 1426 1655 co-

296 1680 480 1719 ronariae
516 1691 665 1732 putes,
701 1678 869 1717 micum
913 1677 1126 1720 orificium
1177 1679 1267 1730 est,
1316 1679 1424 1732 quod

299 1744 340 1783 in
379 1744 507 1785 smum
546 1745 740 1784 dextrum
779 1752 900 1797 patet.
937 1744 970 1793 ξ.
1008 1758 1051 1793 4.
1094 1753 1161 1784 11.

214 1824 252 1862 8.
289 1817 374 1861 Ora
411 1820 575 1860 inferior
609 1819 732 1860 huius
783 1818 967 1870 orificii‚
1013 1830 1113 1874 quae
1163 1830 1185 1858 a
1242 1819 1427 1872 margine

299 1895 423 1924 acuto
458 1885 641 1924 vnluulae
676 1877 969 1928 EVSTACHII
1005 1885 1221 1925 formatur.

215 1971 283 1999 10.
319 1954 404 1996 Ora
439 1958 522 1995 eius
552 1959 734 2009 superior
769 1969 810 1999 et
846 1960 927 2013 ipse
962 1971 1076 2001 arcus
1098 1989 1109 2009 ,
1159 1969 1284 2011 quem
1324 1956 1425 1999 isth-

295 2033 410 2060 mum
453 2013 750 2067 VIEVSSENH
796 2026 950 2066 dicunt.

209 2108 276 2139 ιι.
315 2096 452 2136 Huius·
479 2109 592 2138 arcus
612 2111 706 2139 crus
727 2101 916 2139 dextrum
958 2096 1039 2137 fine
1074 2095 1283 2147 posterius,
1304 2095 1420 2137 cuius

288 2162 422 2216 aliqua
459 2173 552 2216 pars
586 2162 749 2204 valuula
792 2157 1088 2207 EVSTACHII
1135 2162 1302 2214 tegitur.

711 2229 741 2269 F
763 2229 805 2267 ff
843 2239 866 2277 3
1347 2238 1419 2271 12.

214 649 236 686 ῑΙι
