2012 2724
559 220 653 264 390
850 204 935 248 DE
969 201 1289 248 FORAM1NE
1322 201 1522 251 ovAu.

562 325 805 375 integrum,
837 330 909 360 nec
945 317 1019 361 nifi
1052 317 1276 363 filamentis
1318 319 1482 363 finuurn
1527 321 1638 376 septo
1688 323 1834 367 adhae-

561 398 717 430 rentem
742 417 754 438 ‚
787 383 894 437 quod
926 396 1026 438 ergo
1060 384 1167 426 nihil
1202 388 1426 437 quidquam
1460 387 1509 429 ad
1549 388 1692 428 tubum
1741 389 1837 432 effi-

560 451 750 494 ciendum
783 447 853 490 vel
887 449 1182 504 complendum
1213 455 1411 494 conferret
1434 483 1446 504 ‚
1494 462 1700 494 caeterum
1744 467 1838 496 mo·

558 515 682 559 bilem
707 547 719 567 ,
751 515 792 556 in
826 524 927 567 aqua
960 514 1084 557 libere
1118 515 1365 568 fluitantem,
1397 527 1438 559 et
1468 520 1509 559 in
1548 528 1735 560 extrema
1766 529 1836 560 ora

566 579 840 639 pulcherrime
873 579 1146 624 reticulatam.
1213 581 1352 639 (Vid.
1388 582 1455 636 fig.
1494 593 1535 633 7.
1558 589 1585 635 ).

715 679 748 728 ξ.
788 688 860 727 29.
892 677 1095 733 Quamuis
1142 678 1183 720 in
1234 679 1309 721 hac
1359 680 1635 731 tractatione,
1684 691 1840 730 quam,

354 750 405 783 De
425 744 552 802 valen-la
570 742 757 784 terminis
795 744 887 783 vsus
938 745 1149 798 receptis,
1197 745 1489 786 obieruationes
1539 747 1587 784 de
1643 745 1840 784 foramine

356 798 444 856 Μυῒ
472 798 544 854 ¹¹5¹*
569 807 681 849 ouali
715 805 891 861 inscripfi
914 837 927 857 ‚
956 818 995 847 et
1031 821 1131 862 quae
1168 811 1315 852 rcffius
1348 809 1426 850 dici
1461 808 1645 850 dtbuiss'et
1685 807 1841 861 hssoria

357 849 545 935 ἓῖζῒζῃϊέΥ
571 883 688 913 venae
719 862 835 912 cauae
868 870 1055 923 inferiori:
1095 871 1308 915 thoraca-ae
1329 904 1341 925 ,
1377 873 1495 914 cuius
1531 886 1677 926 nempe
1709 883 1748 912 et
1768 873 1844 912 ad-

360 963 439 984 ccns
469 956 544 981 nato
575 938 753 976 (censum
788 944 828 973 ct
864 935 1105 975 diuissonem
1142 937 1180 974 in
1218 939 1325 978 foetu
1365 938 1404 976 in
1439 940 1519 978 duo
1552 935 1735 988 orificia,
1771 935 1842 978 vel

359 1000 554 1044 Del'ezipt'm.
573 1010 735 1048 ramos,
766 997 906 1051 quibus
956 999 990 1038 se
1029 999 1173 1039 inserat
1224 1001 1264 1039 in
1315 1000 1445 1040 smum
1498 1011 1760 1053 urumque,
1805 1009 1845 1040 et

359 1051 446 1084 Ἰώ
468 1051 537 1082 VH·
572 1063 812 1105 structuram
848 1060 1104 1103 orificiorum
1141 1062 1323 1115 ipsorum
1348 1094 1359 1112 ‚
1408 1074 1447 1104 et
1483 1067 1638 1104 variam
1671 1065 1844 1117 denique

390 1104 459 1144 lag,
492 1110 521 1134 ‘⁴⁹'
574 1129 684 1168 varia
722 1135 850 1167 aetate
884 1127 1172 1173 conditxonerm
1194 1128 1406 1167 secundum
1440 1129 1624 1167 ordinem
1646 1125 1847 1180 d=scrips1,

573 1189 789 1241 nihil,nis1
825 1192 926 1241 quod
961 1193 1006 1229 ad
1043 1190 1293 1240 incognitam
1330 1189 1429 1230 hanc
1468 1204 1591 1230 venae
1626 1203 1743 1230 cauae
1780 1202 1846 1229 m·

571 1254 730 1296 ferioris
764 1253 1056 1308 proprietatem
1092 1255 1317 1307 pertineret
1339 1285 1350 1304 ‚
1383 1254 1490 1293 dietu
1538 1254 1642 1293 nihi
1689 1266 1848 1307 propo-

573 1322 761 1368 sueram3
796 1330 877 1358 non
914 1319 1070 1370 poflum
1110 1327 1249 1360 tamen
1288 1331 1366 1359 non
1409 1323 1601 1371 quaedam
1656 1317 1703 1357 de
1757 1318 1850 1358 val-

573 1383 669 1424 vula
706 1382 810 1423 finus
844 1381 987 1422 smissri
1023 1392 1213 1424 annotare
1243 1411 1255 1433 ,
1300 1394 1404 1437 quae
1457 1380 1564 1422 haud
1618 1381 1706 1422 satis
1757 1393 1853 1435 per·

581 1446 708 1502 specta
742 1455 781 1486 ct
814 1446 974 1499 cognita
1010 1444 1117 1486 mihi
1153 1447 1228 1488 effe
1263 1449 1458 1497 videtur,
1490 1459 1531 1488 et
1566 1459 1687 1500 quam
1725 1446 1850 1488 nimis

572 1510 788 1565 pulchram
816 1521 856 1552 et
888 1510 1101 1564 perfectam
1134 1510 1173 1551 in
1205 1524 1268 1562 eo,
1294 1524 1415 1563 quern
1445 1510 1649 1565 descripsi,
1672 1512 1820 1551 infante
1846 1536 1858 1559 ‚

572 1577 643 1629 qui
665 1576 737 1617 vix
758 1575 958 1629 respirasse
980 1575 1206 1625 videbatur,
1224 1578 1369 1628 reperi.
1423 1575 1530 1618 Haec
1559 1574 1722 1616 valuula
1752 1586 1852 1628 ergo

577 1641 766 1691 omnino,
783 1649 830 1680 vt
848 1640 1000 1694 saepius
1020 1640 1180 1690 monui,
1199 1640 1238 1680 in
1261 1640 1445 1681 humano
1466 1654 1546 1683 non
1570 1642 1706 1681 minus
1727 1652 1849 1694 quam

580 1707 619 1746 in
639 1705 786 1747 bouino
823 1707 950 1754 foetu,
984 1704 1117 1753 tubus,
1155 1716 1234 1745 non
1258 1704 1433 1758 fimplcx
1455 1706 1702 1755 membrana,
1720 1705 1784 1754 est,
1807 1713 1854 1743 vt

580 1769 711 1820 vulgo
732 1770 1062 1821 repraesentatur,
1079 1781 1124 1809 ea
1148 1779 1279 1810 tamen
1302 1769 1546 1820 conditione,
1573 1779 1618 1807 vt
1637 1769 1767 1807 altero
1786 1768 1856 1808 suo

580 1834 732 1888 pariete
751 1831 817 1873 hic
836 1831 954 1873 tubus
974 1834 1082 1887 septo
1102 1832 1261 1873 smuum
1284 1833 1400 1886 super
1430 1845 1568 1873 arcum
1600 1830 1613 1885 (
1636 1831 1704 1882 fig.
1723 1838 1761 1886 3.
1779 1833 1856 1881 w.)

583 1897 792 1938 adhaereat
814 1927 825 1947 ‚
855 1897 1025 1948 proinde
1058 1909 1136 1937 non
1172 1899 1330 1950 penitus
1364 1895 1462 1937 liber
1498 1897 1558 1948 snt,
1590 1905 1636 1935 vt
1674 1895 1714 1935 in
1747 1898 1856 1936 foetu

583 1962 747 2002 bouino.
833 1959 943 2001 Bafis
977 1961 1063 2001 tubi
1097 1957 1158 2014 (o.
1191 1968 1229 2015 p.
1263 1974 1298 2015 q.
1339 1973 1368 2000 r.
1392 1964 1424 2011 ),
1455 1974 1532 2012 qua
1565 1958 1726 2000 orificio
1760 1959 1861 2000 smi-

589 2026 667 2066 stro
700 2037 823 2067 venae
856 2036 975 2066 cauae
1009 2022 1186 2079 (iisdem
1239 2026 1320 2067 litt.
1373 2027 1561 2066 denotato
1609 2026 1676 2065 vel
1712 2023 1783 2076 fig.
1816 2030 1856 2079 3.

596 2089 634 2130 h.
670 2090 695 2131 i.
731 2091 801 2139 k.)
839 2090 878 2130 in
913 2088 998 2129 finu
1035 2089 1189 2131 finistro
1229 2090 1402 2148 insudet,
1454 2101 1500 2130 vt
1537 2089 1615 2128 hoc
1649 2088 1859 2129 orificium

592 2153 724 2206 ipsum
749 2182 759 2202 ‚
793 2154 952 2206 obliqua
987 2154 1071 2205 est,
1102 2167 1171 2195 nce
1227 2154 1414 2208 parallela
1466 2152 1625 2194 orificio
1673 2162 1862 2194 extremo

595 2219 659 2259 ieu
695 2229 915 2274 aperturae.
979 2216 1056 2274 (5.
1091 2223 1136 2264 6.
1171 2229 1210 2269 7.
1253 2225 1290 2261 8.
1328 2232 1370 2277 9.
1414 2218 1501 2276 10)
1535 2217 1659 2277 ⁸Hinc
1691 2217 1862 2270 parietes

1739 2289 1856 2319 rnae-
