<?xml version="1.0" encoding="UTF-8"?>
<!DOCTYPE html PUBLIC "-//W3C//DTD XHTML 1.0 Transitional//EN"
    "http://www.w3.org/TR/xhtml1/DTD/xhtml1-transitional.dtd">
<html xmlns="http://www.w3.org/1999/xhtml" xml:lang="en" lang="en">
 <head>
  <title>
</title>
<meta http-equiv="Content-Type" content="text/html;charset=utf-8" />
  <meta name='ocr-system' content='tesseract 3.04.00' />
  <meta name='ocr-capabilities' content='ocr_page ocr_carea ocr_par ocr_line ocrx_word'/>
</head>
<body>
  <div class='ocr_page' id='page_1' title='image "./novicommentariac20impe_0068.png"; bbox 0 0 2012 2724; ppageno 0'>
   <div class='ocr_carea' id='block_1_1' title="bbox 524 197 1646 388">
    <p class='ocr_par' dir='ltr' id='par_1_1' title="bbox 524 197 1646 388">
     <span class='ocr_line' id='line_1_1' title="bbox 524 197 1412 257; baseline 0.007 -6"><span class='ocrx_word' id='word_1_1' title='bbox 524 210 605 251; x_wconf 52' lang='lat' dir='ltr'>e,</span> <span class='ocrx_word' id='word_1_2' title='bbox 977 202 1097 257; x_wconf 52' lang='lat'>»⁶5³3</span> <span class='ocrx_word' id='word_1_3' title='bbox 1132 201 1151 254; x_wconf 84' lang='lat'><em>&lt;</em></span> <span class='ocrx_word' id='word_1_4' title='bbox 1182 211 1211 243; x_wconf 78' lang='grc' dir='ltr'>ο</span> <span class='ocrx_word' id='word_1_5' title='bbox 1245 204 1261 255; x_wconf 84' lang='grc'>&gt;</span> <span class='ocrx_word' id='word_1_6' title='bbox 1294 197 1412 257; x_wconf 46' lang='lat' dir='ltr'>&amp;zaga</span> 
     </span>
     <span class='ocr_line' id='line_1_2' title="bbox 690 311 1646 388; baseline 0 -2"><span class='ocrx_word' id='word_1_7' title='bbox 690 311 1646 388; x_wconf 77' lang='lat' dir='ltr'><strong>ASTRONOMI‘CA-</strong></span> 
     </span>
    </p>
   </div>
   <div class='ocr_carea' id='block_1_2' title="bbox 1157 450 1195 510">
    <p class='ocr_par' dir='ltr' id='par_1_2' title="bbox 1157 450 1195 510">
     <span class='ocr_line' id='line_1_3' title="bbox 1157 450 1195 510; baseline 0.026 -1"><span class='ocrx_word' id='word_1_8' title='bbox 1157 450 1195 510; x_wconf 79' lang='grc' dir='ltr'>ἶ.</span> 
     </span>
    </p>
   </div>
   <div class='ocr_carea' id='block_1_3' title="bbox 529 564 1809 820">
    <p class='ocr_par' dir='ltr' id='par_1_3' title="bbox 529 564 1809 820">
     <span class='ocr_line' id='line_1_4' title="bbox 529 564 1809 649; baseline -0.003 -17"><span class='ocrx_word' id='word_1_9' title='bbox 529 570 623 632; x_wconf 85' lang='lat' dir='ltr'>De</span> <span class='ocrx_word' id='word_1_10' title='bbox 672 566 914 630; x_wconf 73' lang='lat' dir='ltr'>traie&amp;u</span> <span class='ocrx_word' id='word_1_11' title='bbox 959 564 1224 626; x_wconf 81' lang='lat' dir='ltr'>citissimo</span> <span class='ocrx_word' id='word_1_12' title='bbox 1278 564 1466 627; x_wconf 85' lang='lat' dir='ltr'>stellae</span> <span class='ocrx_word' id='word_1_13' title='bbox 1521 587 1623 649; x_wconf 86' lang='lat' dir='ltr'>per</span> <span class='ocrx_word' id='word_1_14' title='bbox 1665 564 1809 628; x_wconf 82' lang='lat' dir='ltr'>duos</span> 
     </span>
     <span class='ocr_line' id='line_1_5' title="bbox 615 651 1730 737; baseline -0.004 -21"><span class='ocrx_word' id='word_1_15' title='bbox 615 655 853 716; x_wconf 85' lang='lat' dir='ltr'>circulos</span> <span class='ocrx_word' id='word_1_16' title='bbox 896 651 1356 723; x_wconf 79' lang='lat' dir='ltr'>Almicantarath</span> <span class='ocrx_word' id='word_1_17' title='bbox 1409 651 1570 712; x_wconf 81' lang='lat' dir='ltr'>datos</span> <span class='ocrx_word' id='word_1_18' title='bbox 1623 673 1730 737; x_wconf 92' lang='lat' dir='ltr'>pro</span> 
     </span>
     <span class='ocr_line' id='line_1_6' title="bbox 777 734 1576 820; baseline 0.006 -25"><span class='ocrx_word' id='word_1_19' title='bbox 777 734 1030 820; x_wconf 81' lang='lat' dir='ltr'>qualibet</span> <span class='ocrx_word' id='word_1_20' title='bbox 1071 735 1390 797; x_wconf 81' lang='lat' dir='ltr'>eIeuatione</span> <span class='ocrx_word' id='word_1_21' title='bbox 1442 740 1576 818; x_wconf 87' lang='lat' dir='ltr'>poli.</span> 
     </span>
    </p>
   </div>
   <div class='ocr_carea' id='block_1_4' title="bbox 663 871 1684 954">
    <p class='ocr_par' dir='ltr' id='par_1_4' title="bbox 663 871 1684 954">
     <span class='ocr_line' id='line_1_7' title="bbox 663 871 1684 954; baseline -0.003 -17"><span class='ocrx_word' id='word_1_22' title='bbox 663 871 925 947; x_wconf 66' lang='lat' dir='ltr'>Awstore</span> <span class='ocrx_word' id='word_1_23' title='bbox 972 872 1043 934; x_wconf 91' lang='lat' dir='ltr'>L.</span> <span class='ocrx_word' id='word_1_24' title='bbox 1101 871 1315 935; x_wconf 84' lang='lat' dir='ltr'>Eulero</span> <span class='ocrx_word' id='word_1_25' title='bbox 1369 891 1500 954; x_wconf 77' lang='lat' dir='ltr'>pag.</span> <span class='ocrx_word' id='word_1_26' title='bbox 1560 891 1684 951; x_wconf 79' lang='lat'>503.</span> 
     </span>
    </p>
   </div>
   <div class='ocr_carea' id='block_1_5' title="bbox 532 1011 1822 1521">
    <p class='ocr_par' dir='ltr' id='par_1_5' title="bbox 532 1011 1822 1521">
     <span class='ocr_line' id='line_1_8' title="bbox 532 1011 1814 1129; baseline -0.002 -65"><span class='ocrx_word' id='word_1_27' title='bbox 532 1011 805 1129; x_wconf 86' lang='lat' dir='ltr'>Problema</span> <span class='ocrx_word' id='word_1_28' title='bbox 855 1030 934 1062; x_wconf 90' lang='lat' dir='ltr'>non</span> <span class='ocrx_word' id='word_1_29' title='bbox 984 1020 1081 1061; x_wconf 82' lang='lat' dir='ltr'>adeo</span> <span class='ocrx_word' id='word_1_30' title='bbox 1131 1015 1289 1061; x_wconf 79' lang='lat' dir='ltr'>solutiie</span> <span class='ocrx_word' id='word_1_31' title='bbox 1332 1017 1373 1060; x_wconf 85' lang='lat' dir='ltr'>in</span> <span class='ocrx_word' id='word_1_32' title='bbox 1408 1019 1603 1072; x_wconf 77' lang='lat' dir='ltr'>praesenti</span> <span class='ocrx_word' id='word_1_33' title='bbox 1635 1017 1814 1062; x_wconf 84' lang='lat' dir='ltr'>dissrta-</span> 
     </span>
     <span class='ocr_line' id='line_1_9' title="bbox 658 1071 1818 1138; baseline 0 -11"><span class='ocrx_word' id='word_1_34' title='bbox 658 1094 769 1128; x_wconf 82' lang='lat' dir='ltr'>tione</span> <span class='ocrx_word' id='word_1_35' title='bbox 805 1071 1138 1138; x_wconf 67' lang='lat' dir='ltr'>pertraetandum</span> <span class='ocrx_word' id='word_1_36' title='bbox 1188 1083 1348 1136; x_wconf 73' lang='lat' dir='ltr'>suscipit</span> <span class='ocrx_word' id='word_1_37' title='bbox 1407 1085 1482 1124; x_wconf 57' lang='lat' dir='ltr'>&amp;ir</span> <span class='ocrx_word' id='word_1_38' title='bbox 1536 1085 1682 1128; x_wconf 71' lang='lat' dir='ltr'>illustr,</span> <span class='ocrx_word' id='word_1_39' title='bbox 1735 1097 1818 1136; x_wconf 79' lang='lat' dir='ltr'>quo</span> 
     </span>
     <span class='ocr_line' id='line_1_10' title="bbox 532 1148 1821 1203; baseline -0.001 -13"><span class='ocrx_word' id='word_1_40' title='bbox 532 1149 697 1201; x_wconf 80' lang='lat' dir='ltr'>scilicet,</span> <span class='ocrx_word' id='word_1_41' title='bbox 729 1149 946 1193; x_wconf 83' lang='lat' dir='ltr'>constituto</span> <span class='ocrx_word' id='word_1_42' title='bbox 982 1149 1212 1190; x_wconf 84' lang='lat' dir='ltr'>meridiano</span> <span class='ocrx_word' id='word_1_43' title='bbox 1246 1148 1327 1188; x_wconf 82' lang='lat' dir='ltr'>loci</span> <span class='ocrx_word' id='word_1_44' title='bbox 1363 1149 1633 1203; x_wconf 76' lang='lat' dir='ltr'>ambobusque</span> <span class='ocrx_word' id='word_1_45' title='bbox 1673 1150 1821 1190; x_wconf 71' lang='lat' dir='ltr'>Alui-</span> 
     </span>
     <span class='ocr_line' id='line_1_11' title="bbox 534 1213 1820 1268; baseline -0.001 -12"><span class='ocrx_word' id='word_1_46' title='bbox 534 1214 778 1264; x_wconf 82' lang='lat' dir='ltr'>cantarath,</span> <span class='ocrx_word' id='word_1_47' title='bbox 811 1214 1011 1256; x_wconf 82' lang='lat' dir='ltr'>eiusmodi</span> <span class='ocrx_word' id='word_1_48' title='bbox 1052 1214 1159 1255; x_wconf 84' lang='lat' dir='ltr'>stella</span> <span class='ocrx_word' id='word_1_49' title='bbox 1193 1213 1434 1267; x_wconf 73' lang='lat' dir='ltr'>quaeritur,</span> <span class='ocrx_word' id='word_1_50' title='bbox 1468 1227 1565 1268; x_wconf 80' lang='lat' dir='ltr'>quae</span> <span class='ocrx_word' id='word_1_51' title='bbox 1600 1224 1714 1255; x_wconf 86' lang='lat' dir='ltr'>motu</span> <span class='ocrx_word' id='word_1_52' title='bbox 1748 1215 1820 1255; x_wconf 89' lang='lat' dir='ltr'>suo</span> 
     </span>
     <span class='ocr_line' id='line_1_12' title="bbox 535 1277 1821 1332; baseline -0.002 -13"><span class='ocrx_word' id='word_1_53' title='bbox 535 1278 690 1320; x_wconf 90' lang='lat' dir='ltr'>diurno</span> <span class='ocrx_word' id='word_1_54' title='bbox 725 1278 967 1332; x_wconf 82' lang='lat' dir='ltr'>parallelum</span> <span class='ocrx_word' id='word_1_55' title='bbox 1000 1278 1242 1331; x_wconf 83' lang='lat' dir='ltr'>quempiam</span> <span class='ocrx_word' id='word_1_56' title='bbox 1281 1289 1521 1329; x_wconf 84' lang='lat' dir='ltr'>percurrens</span> <span class='ocrx_word' id='word_1_57' title='bbox 1553 1279 1690 1317; x_wconf 80' lang='lat' dir='ltr'>ambos</span> <span class='ocrx_word' id='word_1_58' title='bbox 1734 1277 1821 1317; x_wconf 79' lang='lat' dir='ltr'>Al-</span> 
     </span>
     <span class='ocr_line' id='line_1_13' title="bbox 536 1340 1818 1392; baseline -0.002 -9"><span class='ocrx_word' id='word_1_59' title='bbox 536 1342 804 1385; x_wconf 86' lang='lat' dir='ltr'>micantarath</span> <span class='ocrx_word' id='word_1_60' title='bbox 832 1343 897 1391; x_wconf 77' lang='lat' dir='ltr'>¹ita</span> <span class='ocrx_word' id='word_1_61' title='bbox 933 1344 1065 1392; x_wconf 83' lang='lat' dir='ltr'>secet,</span> <span class='ocrx_word' id='word_1_62' title='bbox 1107 1351 1152 1381; x_wconf 91' lang='lat' dir='ltr'>vt</span> <span class='ocrx_word' id='word_1_63' title='bbox 1201 1340 1373 1392; x_wconf 81' lang='lat' dir='ltr'>angulus</span> <span class='ocrx_word' id='word_1_64' title='bbox 1428 1341 1656 1381; x_wconf 80' lang='lat' dir='ltr'>mensutam</span> <span class='ocrx_word' id='word_1_65' title='bbox 1709 1351 1818 1380; x_wconf 88' lang='lat' dir='ltr'>tem·</span> 
     </span>
     <span class='ocr_line' id='line_1_14' title="bbox 538 1403 1819 1461; baseline -0.003 -14"><span class='ocrx_word' id='word_1_66' title='bbox 538 1407 651 1461; x_wconf 82' lang='lat' dir='ltr'>poris</span> <span class='ocrx_word' id='word_1_67' title='bbox 671 1438 683 1460; x_wconf 85' lang='lat'>‚</span> <span class='ocrx_word' id='word_1_68' title='bbox 727 1416 810 1460; x_wconf 85' lang='lat' dir='ltr'>quo</span> <span class='ocrx_word' id='word_1_69' title='bbox 843 1405 949 1447; x_wconf 85' lang='lat' dir='ltr'>stella</span> <span class='ocrx_word' id='word_1_70' title='bbox 981 1405 1155 1459; x_wconf 86' lang='lat' dir='ltr'>spatium</span> <span class='ocrx_word' id='word_1_71' title='bbox 1195 1404 1302 1445; x_wconf 85' lang='lat' dir='ltr'>inter</span> <span class='ocrx_word' id='word_1_72' title='bbox 1339 1403 1411 1445; x_wconf 87' lang='lat' dir='ltr'>hos</span> <span class='ocrx_word' id='word_1_73' title='bbox 1440 1404 1614 1446; x_wconf 84' lang='lat' dir='ltr'>circulos</span> <span class='ocrx_word' id='word_1_74' title='bbox 1645 1414 1819 1445; x_wconf 85' lang='lat' dir='ltr'>conten-</span> 
     </span>
     <span class='ocr_line' id='line_1_15' title="bbox 541 1467 1822 1521; baseline -0.002 -10"><span class='ocrx_word' id='word_1_75' title='bbox 541 1479 634 1511; x_wconf 89' lang='lat' dir='ltr'>tum</span> <span class='ocrx_word' id='word_1_76' title='bbox 671 1471 866 1521; x_wconf 87' lang='lat' dir='ltr'>traiiciat,</span> <span class='ocrx_word' id='word_1_77' title='bbox 899 1469 1104 1520; x_wconf 85' lang='lat' dir='ltr'>exhibens,</span> <span class='ocrx_word' id='word_1_78' title='bbox 1138 1467 1212 1508; x_wconf 76' lang='lat' dir='ltr'>fiat</span> <span class='ocrx_word' id='word_1_79' title='bbox 1244 1469 1434 1508; x_wconf 87' lang='lat' dir='ltr'>omnium</span> <span class='ocrx_word' id='word_1_80' title='bbox 1472 1469 1684 1511; x_wconf 76' lang='lat' dir='ltr'>minimus,</span> <span class='ocrx_word' id='word_1_81' title='bbox 1727 1467 1822 1509; x_wconf 88' lang='lat' dir='ltr'>Ad-</span> 
     </span>
    </p>
   </div>
   <div class='ocr_carea' id='block_1_6' title="bbox 544 1531 1826 2228">
    <p class='ocr_par' dir='ltr' id='par_1_6' title="bbox 544 1531 1826 2228">
     <span class='ocr_line' id='line_1_16' title="bbox 545 1531 1822 1586; baseline -0.001 -11"><span class='ocrx_word' id='word_1_82' title='bbox 545 1532 671 1575; x_wconf 86' lang='lat' dir='ltr'>hibita</span> <span class='ocrx_word' id='word_1_83' title='bbox 708 1533 836 1586; x_wconf 87' lang='lat' dir='ltr'>igitur</span> <span class='ocrx_word' id='word_1_84' title='bbox 871 1532 1118 1575; x_wconf 73' lang='lat' dir='ltr'>restrictione</span> <span class='ocrx_word' id='word_1_85' title='bbox 1150 1531 1279 1574; x_wconf 84' lang='lat' dir='ltr'>debita</span> <span class='ocrx_word' id='word_1_86' title='bbox 1299 1560 1311 1581; x_wconf 95' lang='lat'>,</span> <span class='ocrx_word' id='word_1_87' title='bbox 1343 1532 1598 1586; x_wconf 82' lang='lat' dir='ltr'>exclusisque</span> <span class='ocrx_word' id='word_1_88' title='bbox 1631 1535 1822 1574; x_wconf 84' lang='lat' dir='ltr'>omnibus</span> 
     </span>
     <span class='ocr_line' id='line_1_17' title="bbox 546 1595 1823 1650; baseline -0.001 -11"><span class='ocrx_word' id='word_1_89' title='bbox 546 1595 668 1639; x_wconf 79' lang='lat' dir='ltr'>stellis</span> <span class='ocrx_word' id='word_1_90' title='bbox 703 1597 798 1650; x_wconf 87' lang='lat' dir='ltr'>polo</span> <span class='ocrx_word' id='word_1_91' title='bbox 831 1598 956 1636; x_wconf 84' lang='lat' dir='ltr'>nimis</span> <span class='ocrx_word' id='word_1_92' title='bbox 990 1596 1135 1636; x_wconf 81' lang='lat' dir='ltr'>vicinis</span> <span class='ocrx_word' id='word_1_93' title='bbox 1168 1595 1234 1633; x_wconf 87' lang='lat' dir='ltr'>vel</span> <span class='ocrx_word' id='word_1_94' title='bbox 1269 1596 1317 1634; x_wconf 79' lang='lat' dir='ltr'>ab</span> <span class='ocrx_word' id='word_1_95' title='bbox 1349 1605 1399 1635; x_wconf 88' lang='lat' dir='ltr'>eo</span> <span class='ocrx_word' id='word_1_96' title='bbox 1444 1597 1569 1634; x_wconf 87' lang='lat' dir='ltr'>nimis</span> <span class='ocrx_word' id='word_1_97' title='bbox 1621 1600 1787 1638; x_wconf 85' lang='lat' dir='ltr'>remotis</span> <span class='ocrx_word' id='word_1_98' title='bbox 1809 1627 1823 1649; x_wconf 93' lang='lat'>‚</span> 
     </span>
     <span class='ocr_line' id='line_1_18' title="bbox 544 1655 1822 1715; baseline -0.001 -13"><span class='ocrx_word' id='word_1_99' title='bbox 544 1674 668 1715; x_wconf 84' lang='lat' dir='ltr'>quam</span> <span class='ocrx_word' id='word_1_100' title='bbox 690 1670 735 1702; x_wconf 89' lang='lat' dir='ltr'>vt</span> <span class='ocrx_word' id='word_1_101' title='bbox 758 1671 874 1703; x_wconf 85' lang='lat' dir='ltr'>motu</span> <span class='ocrx_word' id='word_1_102' title='bbox 895 1661 1042 1703; x_wconf 87' lang='lat' dir='ltr'>diurno</span> <span class='ocrx_word' id='word_1_103' title='bbox 1069 1670 1139 1714; x_wconf 90' lang='lat' dir='ltr'>per</span> <span class='ocrx_word' id='word_1_104' title='bbox 1159 1657 1297 1699; x_wconf 82' lang='lat' dir='ltr'>ambos</span> <span class='ocrx_word' id='word_1_105' title='bbox 1324 1655 1630 1699; x_wconf 78' lang='lat' dir='ltr'>Almicatarath</span> <span class='ocrx_word' id='word_1_106' title='bbox 1654 1662 1822 1701; x_wconf 73' lang='lat' dir='ltr'>transire</span> 
     </span>
     <span class='ocr_line' id='line_1_19' title="bbox 546 1724 1825 1780; baseline 0 -15"><span class='ocrx_word' id='word_1_107' title='bbox 546 1725 712 1780; x_wconf 83' lang='lat' dir='ltr'>poffint,</span> <span class='ocrx_word' id='word_1_108' title='bbox 730 1725 822 1778; x_wconf 85' lang='lat' dir='ltr'>quia</span> <span class='ocrx_word' id='word_1_109' title='bbox 856 1724 1029 1773; x_wconf 84' lang='lat' dir='ltr'>angulus</span> <span class='ocrx_word' id='word_1_110' title='bbox 1062 1724 1292 1764; x_wconf 85' lang='lat' dir='ltr'>mensuram</span> <span class='ocrx_word' id='word_1_111' title='bbox 1328 1724 1527 1775; x_wconf 76' lang='lat' dir='ltr'>temporis</span> <span class='ocrx_word' id='word_1_112' title='bbox 1548 1724 1728 1774; x_wconf 62' lang='lat' dir='ltr'>traiectus</span> <span class='ocrx_word' id='word_1_113' title='bbox 1750 1736 1825 1765; x_wconf 83' lang='lat' dir='ltr'>ex-</span> 
     </span>
     <span class='ocr_line' id='line_1_20' title="bbox 545 1785 1824 1837; baseline -0.003 -7"><span class='ocrx_word' id='word_1_114' title='bbox 545 1789 688 1830; x_wconf 84' lang='lat' dir='ltr'>hibens</span> <span class='ocrx_word' id='word_1_115' title='bbox 723 1788 920 1829; x_wconf 82' lang='lat' dir='ltr'>minimus</span> <span class='ocrx_word' id='word_1_116' title='bbox 968 1786 1042 1827; x_wconf 82' lang='lat' dir='ltr'>effe</span> <span class='ocrx_word' id='word_1_117' title='bbox 1076 1786 1204 1837; x_wconf 84' lang='lat' dir='ltr'>debet,</span> <span class='ocrx_word' id='word_1_118' title='bbox 1225 1785 1294 1827; x_wconf 79' lang='lat'><em>111.</em></span> <span class='ocrx_word' id='word_1_119' title='bbox 1317 1786 1478 1828; x_wconf 64' lang='lat' dir='ltr'>Auctor</span> <span class='ocrx_word' id='word_1_120' title='bbox 1497 1785 1709 1829; x_wconf 82' lang='lat' dir='ltr'>secundum</span> <span class='ocrx_word' id='word_1_121' title='bbox 1735 1800 1824 1827; x_wconf 85' lang='lat' dir='ltr'>me·</span> 
     </span>
     <span class='ocr_line' id='line_1_21' title="bbox 549 1850 1818 1894; baseline -0.002 -1"><span class='ocrx_word' id='word_1_122' title='bbox 549 1853 725 1894; x_wconf 84' lang='lat' dir='ltr'>thodum</span> <span class='ocrx_word' id='word_1_123' title='bbox 767 1851 1048 1892; x_wconf 78' lang='lat' dir='ltr'>maximorum</span> <span class='ocrx_word' id='word_1_124' title='bbox 1092 1860 1133 1890; x_wconf 87' lang='lat' dir='ltr'>et</span> <span class='ocrx_word' id='word_1_125' title='bbox 1177 1851 1447 1891; x_wconf 86' lang='lat' dir='ltr'>minimorum</span> <span class='ocrx_word' id='word_1_126' title='bbox 1496 1852 1616 1892; x_wconf 77' lang='lat' dir='ltr'>aliam</span> <span class='ocrx_word' id='word_1_127' title='bbox 1666 1850 1818 1892; x_wconf 82' lang='lat' dir='ltr'>stellam</span> 
     </span>
     <span class='ocr_line' id='line_1_22' title="bbox 549 1914 1824 1970; baseline 0 -14"><span class='ocrx_word' id='word_1_128' title='bbox 549 1917 744 1970; x_wconf 81' lang='lat' dir='ltr'>quaesitae</span> <span class='ocrx_word' id='word_1_129' title='bbox 765 1916 999 1969; x_wconf 80' lang='lat' dir='ltr'>proximam</span> <span class='ocrx_word' id='word_1_130' title='bbox 1019 1914 1208 1968; x_wconf 87' lang='lat' dir='ltr'>concipit,</span> <span class='ocrx_word' id='word_1_131' title='bbox 1238 1926 1338 1968; x_wconf 80' lang='lat' dir='ltr'>quac</span> <span class='ocrx_word' id='word_1_132' title='bbox 1357 1915 1456 1955; x_wconf 74' lang='lat' dir='ltr'>alios</span> <span class='ocrx_word' id='word_1_133' title='bbox 1479 1917 1579 1955; x_wconf 86' lang='lat' dir='ltr'>duos</span> <span class='ocrx_word' id='word_1_134' title='bbox 1606 1914 1824 1956; x_wconf 83' lang='lat' dir='ltr'>Almican-</span> 
     </span>
     <span class='ocr_line' id='line_1_23' title="bbox 553 1978 1826 2032; baseline -0.002 -10"><span class='ocrx_word' id='word_1_135' title='bbox 553 1979 687 2022; x_wconf 70' lang='lat' dir='ltr'>carath</span> <span class='ocrx_word' id='word_1_136' title='bbox 718 1983 756 2022; x_wconf 89' lang='lat' dir='ltr'>in</span> <span class='ocrx_word' id='word_1_137' title='bbox 788 1980 876 2020; x_wconf 80' lang='lat' dir='ltr'>aliis</span> <span class='ocrx_word' id='word_1_138' title='bbox 898 1980 1056 2032; x_wconf 58' lang='lat' dir='ltr'>punietis</span> <span class='ocrx_word' id='word_1_139' title='bbox 1075 1980 1257 2020; x_wconf 84' lang='lat' dir='ltr'>traiiciar.</span> <span class='ocrx_word' id='word_1_140' title='bbox 1312 1978 1480 2018; x_wconf 80' lang='lat' dir='ltr'>Etcum</span> <span class='ocrx_word' id='word_1_141' title='bbox 1507 1978 1645 2032; x_wconf 82' lang='lat' dir='ltr'>anguli</span> <span class='ocrx_word' id='word_1_142' title='bbox 1670 1983 1826 2020; x_wconf 78' lang='lat' dir='ltr'>meniu-</span> 
     </span>
     <span class='ocr_line' id='line_1_24' title="bbox 555 2042 1824 2098; baseline -0.001 -12"><span class='ocrx_word' id='word_1_143' title='bbox 555 2058 644 2085; x_wconf 83' lang='lat' dir='ltr'>ram</span> <span class='ocrx_word' id='word_1_144' title='bbox 668 2046 864 2098; x_wconf 82' lang='lat' dir='ltr'>temporis</span> <span class='ocrx_word' id='word_1_145' title='bbox 884 2046 1092 2097; x_wconf 76' lang='lat' dir='ltr'>Vtriusque</span> <span class='ocrx_word' id='word_1_146' title='bbox 1113 2042 1300 2082; x_wconf 61' lang='lat' dir='ltr'>traiectus</span> <span class='ocrx_word' id='word_1_147' title='bbox 1318 2044 1547 2084; x_wconf 76' lang='lat' dir='ltr'>exhibentes</span> <span class='ocrx_word' id='word_1_148' title='bbox 1566 2044 1743 2097; x_wconf 74' lang='lat' dir='ltr'>aequales</span> <span class='ocrx_word' id='word_1_149' title='bbox 1766 2047 1824 2085; x_wconf 88' lang='lat' dir='ltr'>in-</span> 
     </span>
     <span class='ocr_line' id='line_1_25' title="bbox 554 2107 1825 2161; baseline 0.001 -12"><span class='ocrx_word' id='word_1_150' title='bbox 554 2119 616 2149; x_wconf 85' lang='lat' dir='ltr'>ter</span> <span class='ocrx_word' id='word_1_151' title='bbox 636 2109 670 2149; x_wconf 88' lang='lat' dir='ltr'>se</span> <span class='ocrx_word' id='word_1_152' title='bbox 692 2109 766 2149; x_wconf 74' lang='lat' dir='ltr'>effe</span> <span class='ocrx_word' id='word_1_153' title='bbox 798 2108 981 2158; x_wconf 82' lang='lat' dir='ltr'>debeant,</span> <span class='ocrx_word' id='word_1_154' title='bbox 998 2120 1049 2149; x_wconf 88' lang='lat' dir='ltr'>ex</span> <span class='ocrx_word' id='word_1_155' title='bbox 1085 2107 1161 2147; x_wconf 84' lang='lat' dir='ltr'>hac</span> <span class='ocrx_word' id='word_1_156' title='bbox 1196 2107 1361 2147; x_wconf 84' lang='lat' dir='ltr'>minimi</span> <span class='ocrx_word' id='word_1_157' title='bbox 1392 2109 1623 2148; x_wconf 82' lang='lat' dir='ltr'>conditione</span> <span class='ocrx_word' id='word_1_158' title='bbox 1643 2110 1825 2161; x_wconf 78' lang='lat' dir='ltr'>aequatio</span> 
     </span>
     <span class='ocr_line' id='line_1_26' title="bbox 556 2170 1826 2228; baseline -0.002 -13"><span class='ocrx_word' id='word_1_159' title='bbox 556 2171 752 2225; x_wconf 72' lang='lat' dir='ltr'>elicitur,</span> <span class='ocrx_word' id='word_1_160' title='bbox 786 2184 864 2227; x_wconf 86' lang='lat' dir='ltr'>pro</span> <span class='ocrx_word' id='word_1_161' title='bbox 896 2184 971 2226; x_wconf 82' lang='lat' dir='ltr'>qua</span> <span class='ocrx_word' id='word_1_162' title='bbox 1006 2170 1259 2226; x_wconf 77' lang='lat' dir='ltr'>adimplenda</span> <span class='ocrx_word' id='word_1_163' title='bbox 1293 2172 1473 2214; x_wconf 79' lang='lat' dir='ltr'>distantia</span> <span class='ocrx_word' id='word_1_164' title='bbox 1508 2170 1637 2213; x_wconf 81' lang='lat' dir='ltr'>stenae</span> <span class='ocrx_word' id='word_1_165' title='bbox 1671 2184 1692 2211; x_wconf 86' lang='lat' dir='ltr'>a</span> <span class='ocrx_word' id='word_1_166' title='bbox 1726 2172 1826 2228; x_wconf 84' lang='lat' dir='ltr'>polo</span> 
     </span>
    </p>
   </div>
   <div class='ocr_carea' id='block_1_7' title="bbox 1769 2239 1826 2278">
    <p class='ocr_par' dir='ltr' id='par_1_7' title="bbox 1769 2239 1826 2278">
     <span class='ocr_line' id='line_1_27' title="bbox 1769 2239 1826 2278; baseline 0.018 -1"><span class='ocrx_word' id='word_1_167' title='bbox 1769 2239 1826 2278; x_wconf 74' lang='lat' dir='ltr'>ita</span> 
     </span>
    </p>
   </div>
  </div>
 </body>
</html>
