2012 2724
570 204 664 252 476
862 190 1214 240 SCHACALAE
1247 193 1538 238 msToRiA.

566 311 703 368 perior
737 318 776 351 et
810 308 1007 361 septimus
1043 306 1211 350 inferior
1247 308 1399 361 saepius
1433 307 1531 349 adeo
1561 307 1729 351 detritus
1763 309 1838 363 fit,

564 388 611 419 vt
646 378 719 418 vix
750 374 898 414 alueoli
939 374 1155 425 vestigium
1192 373 1304 415 adsit.

720 438 910 481 Hamulus
944 437 1159 494 apophjseos
1186 437 1457 496 pterygoideae
1489 438 1580 481 ossis
1613 436 1840 491 sphenoidei

572 502 787 548 Schacalae
823 504 1088 544 horizontalis
1123 503 1176 543 est
1212 505 1270 556 (q.
1293 502 1364 555 fig.
1392 507 1454 552 ι.)
1493 516 1535 545 ac
1573 504 1680 544 idem
1717 501 1844 554 Lupi,

565 580 688 623 quem
729 567 885 622 Vulpes
929 567 1303 621 perpendicularem
1337 572 1404 620 (q.
1442 566 1512 619 fig.
1547 565 1620 620 4.)
1663 566 1790 607 habet.

717 631 801 685 Offiz
837 633 1051 687 hregmacis
1085 631 1295 673 Schacalae
1329 634 1401 678 (r.
1436 631 1503 684 fig.
1545 634 1615 680 1.)
1655 631 1843 684 aliquan-

567 708 660 741 tum
715 699 958 738 conuexiora
979 729 988 746 ,
1046 697 1137 738 hinc
1188 708 1228 737 et
1280 696 1391 738 theca
1447 696 1576 740 cranii
1632 695 1813 749 amplior
1834 724 1847 745 ‚

570 775 695 815 quam
748 763 899 816 Vulpis
950 761 1027 811 (s.
1063 763 1134 813 fig.
1169 763 1287 814 4.)‚
1346 761 1419 816 qui
1473 760 1536 802 his
1588 761 1848 814 qualitatibus

573 826 744 880 Lupum
782 827 862 866 iam
901 826 1084 866 multum
1122 829 1289 880 superat.
1359 825 1507 867 Nonne
1539 825 1638 865 hanc
1673 828 1723 866 ob
1741 824 1848 864 caus-

571 892 654 933 sam
694 888 843 942 Vulpes
878 889 1030 939 Lupo,
1061 899 1180 942 atque
1214 889 1402 932 Schacala
1444 901 1485 931 et
1539 889 1662 932 Canis
1715 889 1849 940 vulpe

571 954 740 994 astutior
759 948 783 1001 ἰ,
812 950 999 1004 Proceffics
1019 950 1221 1005 sagittulis
1257 966 1308 992 ex
1344 954 1496 1003 angulo
1533 955 1738 1007 superiore
1771 951 1852 1002 offis

571 1014 782 1073 occipitalis
819 1019 1029 1071 procedens
1064 1027 1105 1056 et
1139 1015 1243 1056 vltra
1281 1017 1462 1056 medium
1501 1021 1657 1058 suturae
1693 1018 1850 1067 sagiua-

575 1082 626 1123 lis
675 1081 821 1120 offium
875 1079 1133 1134 parietalium
1182 1082 1368 1120 extensus
1421 1079 1488 1125 (u.
1538 1080 1607 1132 fig,
1647 1081 1723 1129 1.)
1777 1080 1852 1119 vix

578 1145 787 1200 prominet
822 1153 862 1182 et
897 1141 1050 1192 reliqua
1083 1145 1239 1183 suturae
1274 1143 1463 1192 sagittulis
1501 1156 1586 1194 pars
1620 1149 1671 1185 (t.
1695 1143 1758 1193 fig
1787 1139 1851 1195 1.)

578 1209 752 1250 omnino
789 1205 905 1258 plana
942 1205 995 1245 est
1032 1204 1072 1245 in
1108 1203 1319 1254 Schacala3
1353 1203 1445 1246 hinc
1477 1207 1699 1246 crilla'illa
1733 1207 1854 1256 sagit-

580 1271 703 1323 tans,
736 1280 841 1323 quae
874 1271 916 1311 in
955 1270 1077 1323 Lupo
1111 1269 1426 1311 eminentissima
1461 1279 1501 1308 et
1537 1270 1577 1310 in
1613 1269 1747 1322 Vulpe
1782 1271 1856 1309 ob·

576 1335 699 1379 soleta
732 1335 787 1375 est
818 1335 891 1381 (v.
931 1333 1001 1386 fig.
1034 1332 1110 1387 4.)
1135 1367 1148 1386 ‚
1180 1337 1221 1376 in
1257 1333 1443 1374 Schacala
1478 1337 1555 1374 fere
1587 1333 1732 1375 deficit.
1770 1333 1855 1375 Su-

581 1410 674 1442 tura
700 1396 906 1441 lamdoidea
947 1398 1156 1442 Schacalae
1189 1398 1274 1452 (w.
1308 1398 1378 1449 fig.
1420 1401 1492 1445 1.)
1529 1398 1676 1453 pariter
1721 1399 1857 1440 minus

581 1465 738 1506 cristata
771 1473 816 1502 ac
852 1464 891 1504 in
927 1462 1048 1516 Lupo
1079 1476 1121 1503 et
1157 1462 1289 1515 Vulpe
1324 1463 1411 1513 (w.
1448 1462 1517 1515 fig.
1554 1465 1631 1511 4.)

735 1525 938 1581 Apophjfis
974 1526 1201 1575 condyloidea
1248 1525 1258 1577 (
1282 1538 1322 1565 x.
1341 1531 1359 1579 )
1378 1540 1418 1568 et
1468 1526 1672 1572 mastoidea
1720 1527 1738 1577 (
1757 1540 1790 1575 y.
1811 1528 1826 1574 )
1848 1557 1862 1577 ‚

580 1598 696 1648 petra
729 1589 837 1645 (z.)
868 1601 906 1631 et
938 1592 1139 1633 eminentia
1173 1591 1397 1632 articularis
1431 1589 1652 1645 apophyfieos
1685 1603 1862 1644 zygoma·

585 1658 687 1698 cicae
721 1653 836 1707 (A.)
869 1655 1073 1696 Schacalae
1117 1653 1219 1709 (fig.
1264 1654 1333 1706 1.)
1366 1669 1404 1696 et
1442 1655 1585 1709 Vulpis
1641 1654 1743 1711 (fig.
1782 1652 1861 1707 4.)

586 1721 664 1762 vix
695 1720 919 1771 diff-runt,
952 1731 1053 1773 quae
1087 1731 1212 1760 etlam
1250 1718 1369 1768 Lupo
1409 1719 1626 1759 strueturae
1668 1721 1863 1759 eiusdem.

740 1781 977 1831 Vertebrac‚
1012 1782 1131 1834 costae
1151 1815 1162 1833 ‚
1195 1783 1262 1835 ffz
1281 1781 1409 1835 sterni
1432 1813 1445 1833 ,
1493 1794 1536 1821 ac
1573 1781 1693 1836 peluis
1736 1780 1863 1822 Scha-

590 1846 696 1890 calae
729 1856 768 1888 et
807 1849 931 1900 quoad
967 1857 1188 1887 numerum
1211 1878 1223 1897 ‚
1258 1857 1300 1886 et
1334 1848 1460 1899 quoad
1518 1845 1694 1897 figuram
1743 1856 1863 1894 atque

593 1911 937 1963 proportionem,
986 1922 1081 1951 cum
1136 1912 1312 1965 partibus
1363 1912 1506 1950 iisdem
1559 1909 1680 1951 Canis
1727 1922 1747 1949 a
1798 1907 1860 1950 CI.

592 1970 945 2021 D'AVBENTON
985 1976 1024 2016 in
1075 1975 1185 2016 Tomo
1235 1975 1332 2017 Vll.
1386 1974 1579 2023 Historiae
1626 1972 1869 2028 Btffonicmae

594 2041 802 2093 descriptis
833 2043 1078 2081 conueniunt
1101 2068 1113 2088 ,
1148 2039 1175 2080 si
1214 2052 1333 2094 pauca
1385 2041 1526 2080 minus
1579 2041 1830 2079 momentola
1854 2066 1868 2088 ‚

596 2117 698 2157 quae
733 2109 949 2157 lequuntur
971 2135 984 2156 ‚
1016 2105 1202 2155 excipere
1246 2104 1358 2144 velis.

752 2167 958 2222 Apophyles
997 2166 1273 2221 transuersales
1305 2166 1513 2209 vertebrae
1555 2167 1701 2219 primae
1754 2165 1867 2206 lum·

599 2232 685 2274 bon
714 2245 744 2273 n
780 2233 959 2286 integrae
981 2265 992 2286 ‚
1028 2246 1106 2274 nou
1140 2232 1313 2286 bifidae3
1344 2229 1542 2288 apost-[yses
1582 2226 1743 2286 spinofizc
1773 2241 1866 2268 ‘cer-

1731 2292 1871 2334 tebra-
