2012 2724
525 185 746 238 PONTIS
780 191 866 235 Ex
904 180 1170 234 MODVLo.
1397 197 1490 241 273

206 312 368 368 quando
402 308 549 352 scilicet
580 308 706 350 simili
741 305 866 348 modo
900 316 951 346 ex
989 303 1208 346 filamentis
1230 303 1381 347 fuerint
1401 316 1495 349 eon-

206 379 343 428 torti,
393 377 558 417 euidens
592 373 647 414 est
671 402 683 422 ,
727 383 880 412 >eorum
919 368 1165 409 firmitatem
1202 383 1251 411 eo
1285 371 1369 410 fore
1404 382 1494 411 ma-

205 443 336 483 iorem
363 473 374 492 ,
415 452 500 493 quo
532 436 683 480 fuerint
713 434 929 476 craffiores.
1021 433 1082 473 lta
1116 433 1144 472 fi
1178 436 1367 475 crassities
1402 435 1492 476 talis

203 508 308 548 funis
366 514 535 546 vocetur
585 511 736 548 zm,
790 499 853 539 vis
904 508 1028 551 quam
1080 497 1270 538 sustinere
1312 499 1509 550 valebit,-

204 572 306 624 quin
343 575 558 620 rumpatur
593 562 912 616 proportionalis
946 563 1024 601 erit
1061 560 1134 614 ipsi
1173 574 1245 603 cc.
1315 559 1496 603 Dabitur

204 636 329 687 igitur
363 640 467 673 certa
503 628 697 681 quaedam
754 627 970 680 longitudo
1028 626 1094 675 L,
1147 636 1194 667 vt
1248 627 1494 680 produtfturn

209 699 245 740 L
266 709 323 740 cc
356 706 432 748 pro
464 691 646 732 mensura
683 692 769 733 eius
790 694 851 733 vis
874 723 885 742 ‚
915 701 1041 744 quam
1080 691 1182 731 funis
1214 692 1403 732 sustinere
1423 704 1503 733 νει-ν

205 762 263 802 let
296 758 429 800 haberi
470 756 616 811 poflit3
674 758 738 798 vbi
775 756 1030 798 manifestum
1085 756 1174 806 est,
1223 757 1505 809 quantitatem

201 824 318 865 istam
355 821 389 863 L
424 834 444 862 a
479 823 692 862 tenacitate
728 821 1040 862 fiitamentorum
1088 821 1276 872 pendere4
1377 821 1494 876 Quo-

202 889 311 929 niam
350 888 479 939 igitur
514 886 590 927 hoc
644 886 887 938 produetum
941 882 1054 923 Lcc
1100 883 1267 923 ma-ffam
1322 883 1494 937 ideoque

201 953 359 1007 pondus
394 949 572 992 eiusdem
608 950 713 990 funis
746 952 903 997 refert,
954 946 983 987 fi
1017 946 1107 985 ⁴eius
1140 946 1357 999 longitudo
1391 949 1488 988 seffet

198 1015 328 1067 :L,
383 1015 480 1057 hinc
536 1014 717 1069 patebit,
770 1022 967 1067 quantam
1019 1007 1325 1063 longitudinem
1388 1013 1493 1054 funis

198 1079 344 1120 habere
395 1081 567 1131 debeat,
627 1088 674 1120 vt
726 1075 971 1121 verticaliter
1023 1076 1227 1131 suspensus
1267 1089 1287 1118 a
1321 1080 1493 1133 proprio

198 1145 377 1200 pondere
409 1146 645 1187 diuellatur.

355 1211 388 1258 ς.
425 1223 466 1258 4.
503 1209 709 1262 Quoniam
746 1207 813 1247 ista
856 1205 1073 1258 longitudo
1123 1204 1159 1244 L
1209 1217 1230 1245 a
1282 1206 1360 1258 vi,
1412 1221 1488 1262 qua

204 1273 400 1313 minimae
436 1271 655 1326 particulae
692 1270 943 1324 singulorum
980 1269 1151 1310 filorum
1191 1271 1296 1311 inter
1327 1274 1364 1313 se
1420 1285 1492 1314 co·

203 1335 370 1376 haerent
395 1366 409 1386 ,
456 1337 518 1376 seu
567 1335 702 1388 potius
729 1348 750 1375 a
783 1336 974 1389 quapiam
1013 1332 1139 1375 cu'uss‘a
1172 1337 1342 1377 cx'terna
1377 1338 1423 1379 ad
1454 1339 1491 1378 se

205 1400 387 1439 inuicem
412 1396 766 1452 ‘comprimuntur
788 1427 800 1448 ,
833 1399 977 1453 pendet
998 1430 1009 1450 ,
1042 1398 1074 1438 si
1113 1397 1213 1439 haec
1247 1401 1491 1454 compressio

202 1475 224 1504 a
258 1462 341 1503 solo
376 1465 550 1518 pondere
602 1463 922 1516 Atmosphnerae
972 1464 1185 1514 oriretur,
1235 1476 1316 1517 quo
1365 1460 1501 1506 noui-⁷

206 1539 330 1574 mm,
384 1530 467 1569 duo
521 1540 724 1570 marmora
779 1527 905 1583 polita
953 1528 1061 1567 inter
1118 1539 1218 1579 quae
1255 1528 1392 1569 nullus
1425 1542 1492 1570 aer

205 1591 432 1645 reperiatur
468 1603 572 1632 tanta
611 1593 649 1632 vi
684 1594 728 1631 ad
764 1592 799 1631 se
837 1593 1010 1632 inuicem
1049 1592 1229 1645 apprimi
1251 1620 1265 1642 ‚
1295 1606 1393 1645 quae
1430 1597 1517 1635 re-'

203 1656 394 1708 spondeat
429 1656 634 1696 altitudini
670 1655 898 1696 Baromctri
920 1686 934 1707 7
972 1666 1095 1708 quam
1133 1668 1335 1708 ponamus
1380 1658 1491 1712 :k,

202 1731 281 1771 pro
315 1721 481 1761 craffitie
514 1735 563 1762 z
585 1734 604 1761 c
626 1733 647 1760 c
677 1719 865 1761 cohaesio
899 1720 1076 1773 superari
1115 1718 1240 1772 poffet
1277 1734 1296 1761 a
1334 1724 1486 1776 ponde-

202 1794 246 1823 re
281 1784 497 1825 columnae
533 1784 752 1835 mercurii,
785 1787 901 1825 cuius
936 1784 1032 1825 basis
1067 1784 1158 1824 effet
1187 1798 1316 1826 :cc
1349 1798 1388 1828 et
1423 1787 1488 1828 al-

203 1847 339 1888 titudo
385 1849 498 1898 :k3
556 1851 660 1890 vnde
712 1848 741 1889 st
797 1850 1028 1890 mercurius
1071 1859 1093 1887 n
1130 1850 1285 1889 vicibus
1321 1852 1519 1902 grauior·

206 1911 399 1951 statuatur
433 1924 555 1964 quam
597 1914 762 1953 materia
799 1915 903 1955 funis
927 1943 940 1966 ,
990 1915 1090 1954 foret
1129 1916 1270 1965 vti-que
1307 1915 1490 1956 LGk

202 1973 376 2028 ideoque
412 1990 462 2015 z
487 1988 510 2012 2
536 1981 558 2016 8
595 1977 676 2026 dig.
712 1980 769 2017 At
809 1991 907 2019 vero
942 1977 1192 2030 experientia
1231 1978 1317 2017 stitis
1349 1978 1484 2018 decla-

206 2047 295 2087 rat,
331 2037 544 2092 plerosque
579 2041 692 2080 funes
724 2042 861 2083 multo
914 2043 1046 2081 maius
1099 2042 1255 2091 pondus
1302 2042 1489 2083 sustinere

205 2103 311 2155 poffe
335 2129 347 2150 ,
383 2109 488 2142 vnde
524 2112 667 2154 patet,
696 2107 868 2145 cauflam
906 2104 1151 2147 cohaesionis
1186 2118 1265 2144 non
1303 2107 1342 2145 in
1379 2119 1490 2160 pon-

204 2167 297 2206 dere
335 2166 652 2219 Atnoiphaeme
686 2166 760 2207 effe
790 2171 1062 2223 quaterem-tm
1086 2198 1096 2216 ‚
1146 2169 1204 2209 sed
1256 2171 1390 2224 potius
1444 2171 1486 2211 in

274 2230 398 2272 Toni.
411 2232 513 2271 XX
527 2231 636 2273 Nou.
647 2231 816 2274 comm.
1039 2233 1086 2274 M
1105 2246 1150 2274 m
1439 2236 1485 2276 vi
