2012 2724
576 219 663 270 '138
1020 199 1374 248 NOVVM

572 335 633 378 sed
667 327 792 372 etiam
827 334 908 366 non
941 331 1090 378 parum
1124 320 1170 362 ad
1205 328 1478 361 numerorum
1512 329 1702 364 naturam
1749 330 1845 367 tan-

573 407 714 451 topere
748 391 862 433 nobis
896 388 1027 430 adhuc
1071 386 1339 427 absconditam
1391 386 1544 428 felicius
1594 390 1846 442 perscrutan-

571 463 663 505 dam
713 458 896 500 conferre
947 452 1161 509 quicquam
1208 451 1311 505 poffe
1362 450 1538 492 videtur.
1623 453 1845 496 Eximium

572 536 682 571 certe
718 522 794 564 hoc
826 521 880 562 est
913 517 1223 571 exemplum,et
1257 516 1372 557 omni
1406 518 1624 557 attentione
1657 518 1845 570 dignum,

573 591 681 646 quod
716 589 830 629 series
866 595 948 625 tam
984 582 1066 623 lem
1101 593 1223 635 opera
1257 592 1334 620 non
1386 580 1514 621 solum
1566 581 1732 623 formari
1785 583 1846 625 sed

571 657 694 697 etiam
725 660 931 705 quousque
968 646 1161 696 libuerit,
1193 644 1420 685 continuari
1456 644 1571 698 poffit
1593 674 1604 695 ,
1648 657 1740 685 cum
1777 656 1847 687 ta..

573 732 669 763 men
703 717 790 759 eius
825 726 966 756 natura
1000 721 1040 753 et
1075 721 1167 750 vera
1202 708 1354 749 indoles
1386 710 1494 748 nobis
1531 719 1687 750 maneat
1731 722 1847 764 pror-

573 787 636 826 sus
672 783 877 833 incognita
899 810 910 830 ,
948 789 1072 829 neque
1108 786 1156 816 vt
1189 773 1286 814 aliae
1322 772 1369 813 ad
1406 773 1635 813 terminum
1676 784 1849 826 genera-

573 847 657 890 lem
691 843 876 887 reuocari
912 840 1040 896 postit.

638 922 693 964 11.
726 918 862 963 Simili
898 915 1025 958 modo
1060 912 1185 955 etiam
1223 924 1299 968 pro
1333 919 1595 954 numeratore
1629 912 1660 950 6
1691 910 1852 955 ordines

573 987 779 1029 ejectionis
813 981 1094 1032 subiungimus

637 1060 852 1102 Numerus
886 1050 901 1209 ἱ
981 1054 1109 1097 Series
1141 1051 1354 1094 eiectionis

638 1135 826 1167 notatum
974 1131 1052 1173 pro
1081 1126 1343 1159 numeratore
1378 1118 1411 1155 6

802 1197 843 1224 1.
946 1197 968 1223 1

799 1263 843 1292 2.
943 1259 981 1289 α.
1023 1262 1046 1289 1

795 1324 837 1363 3.
943 1323 981 1361 3.
1019 1322 1057 1351 2.
1103 1324 1125 1351 1

797 1391 841 1429 4.
946 1391 987 1415 2.
1026 1389 1061 1416 1.
1097 1387 1139 1424 4.
1179 1383 1205 1422 3

799 1453 840 1490 5.
948 1451 987 1479 1·
1023 1449 1063 1486 3.
1100 1449 1140 1476 2.
1179 1445 1218 1484 5.
1255 1448 1289 1485 4

799 1501 843 1548 6.
943 1506 986 1541 6.
1027 1512 1059 1542 1.
1098 1511 1138 1549 3.
1177 1514 1215 1542 2.
1255 1508 1293 1546 5.
1329 1508 1360 1544 4

799 1578 842 1619 7.
942 1574 986 1607 6.
1021 1576 1061 1613 5.
1097 1576 1135 1615 7.
1175 1578 1216 1604 2.
1254 1574 1292 1600 1.
1332 1575 1374 1612 4.
1411 1568 1438 1609 3

797 1638 838 1675 8.
940 1634 979 1670 6.
1016 1642 1058 1678 4.
1094 1640 1133 1677 3.
1172 1638 1212 1677 ς.
1247 1632 1286 1667 8.
1324 1635 1364 1673 7.
1406 1637 1445 1665 2.
1486 1638 1507 1665 1

794 1712 836 1749 9.
941 1690 1614 1741 6.3.1.9.2.5.4.87

773 1774 840 1802 10.
941 1760 982 1796 6.
1022 1768 1064 1794 ς’..
1098 1767 1144 1803 9.
1179 1765 1221 1802 7.
1258 1763 1296 1800 5.
1338 1755 1375 1789 8.
1416 1763 1452 1788 1.
1494 1762 1564 1788 10.
1602 1758 1644 1794 4.
1683 1754 1708 1790 3

772 1838 840 1865 11.
884 1821 894 1881 ἱ
940 1825 982 1860 6.
1023 1833 1064 1860 1.
1105 1822 1140 1857 8.
1179 1830 1217 1866 4.
1257 1828 1296 1854 2.
1337 1824 1407 1852 11.
1445 1823 1486 1860 3.
1522 1822 1563 1859 7.
1603 1820 1643 1857 5,
1687 1820 1757 1847 10.
1791 1816 1822 1854 9

735 1913 806 1950 16.
843 1904 1026 1947 Viciffim
1061 1912 1199 1943 autem
1237 1898 1265 1937 fi
1300 1897 1421 1937 detur
1453 1892 1553 1934 ordo
1591 1887 1816 1930 eiestorum
1840 1911 1858 1934 ,

579 1977 650 2034 qui
682 1977 730 2019 ab
760 1973 915 2015 vltimo
949 1965 1214 2021 regrediendo
1249 1961 1297 2002 fit
1317 1973 1330 2000 t

694 2059 930 2103 z,y‚x‚
963 2057 1022 2096 v,
1055 2055 1115 2093 u,
1146 2049 1198 2090 t,
1230 2049 1282 2088 s,
1317 2047 1341 2076 r
1375 2028 1476 2075 etc(

580 2142 632 2172 ex
664 2142 712 2171 eo
749 2139 824 2182 pro
856 2120 1001 2177 quouis
1033 2122 1290 2158 numeratore
1338 2117 1381 2149 ct
1430 2102 1610 2160 quolibet
1659 2106 1850 2141 notarum

581 2205 789 2246 numero,
821 2185 991 2232 initialis
1029 2185 1130 2226 ordo
1165 2186 1358 2220 notarum
1407 2167 1638 2223 muestigari
1686 2162 1854 2280 1³0ng

1773 2235 1794 2262 u
