2012 2724
572 207 661 247 370
863 189 943 233 DE
978 186 1301 232 FORAMINE
1338 186 1541 231 ovim.

567 312 675 362 septo
709 304 871 348 sinuum
907 301 1024 355 supra
1057 311 1198 342 arcum
1235 297 1300 355 (z.
1335 313 1369 339 1.
1403 313 1440 342 2.
1468 294 1536 351 fig.
1563 306 1612 355 4.
1637 310 1672 358 p.
1702 315 1736 356 q.
1765 305 1829 362 s.)

565 374 661 412 adeo
693 370 908 418 adhaeret,
943 375 990 406 vt
1031 367 1078 406 ab
1126 367 1267 407 eodem
1320 366 1390 404 vix
1442 366 1632 416 distingui
1688 367 1833 420 poffit‚

565 435 640 475 basi
676 436 739 474 sua
777 433 997 485 primum,
1032 438 1078 471 vt
1109 429 1233 477 dixi,
1285 431 1492 482 supremae
1525 440 1619 469 orae
1671 433 1834 482 parietis

564 497 712 539 sinistri
748 505 787 536 et
823 493 1053 548 posterioris
1087 505 1213 534 venae
1249 504 1369 534 cauae
1406 491 1687 545 infidet‚(fig.
1724 504 1765 540 2,
1798 506 1831 539 0.

560 568 601 615 p.
638 573 671 612 q.
706 571 738 599 r.
779 559 842 611 fig.
882 564 921 614 3.
954 557 991 599 h.
1026 559 1049 600 i.
1084 556 1152 612 k.)
1187 567 1225 597 et
1259 559 1354 598 duas
1385 559 1550 611 quidem
1585 561 1720 599 tertias
1741 571 1831 613 pat-

566 635 626 666 tes
661 624 832 665 ambitus
868 623 990 662 huius
1023 634 1149 663 venae
1184 630 1383 675 occupat,
1412 621 1552 663 deinde
1585 621 1736 677 reliqua
1773 624 1834 665 sed

567 689 741 729 minima
775 689 937 740 quidem
973 685 1067 727 basis
1101 687 1189 727 suae
1225 695 1337 740 parte
1372 685 1493 724 etiam
1536 688 1643 726 arcui
1692 686 1836 728 inhae-

562 762 623 792 ret
655 750 745 802 (fig
792 759 830 807 3.
866 747 971 804 aa),
1008 761 1128 802 quem
1166 761 1245 790 vna
1279 761 1378 790 cum
1411 746 1484 790 hac
1530 751 1691 803 parietis
1739 749 1836 790 smi-

565 817 628 856 stri
667 827 789 856 venae
825 826 948 856 cauae
984 813 1170 869 suprema
1205 825 1273 855 ora
1309 813 1516 854 circulum
1554 813 1705 856 efficere
1741 826 1835 854 mo-

562 880 633 919 nui
670 879 740 930 (§.
784 892 836 920 10
877 875 890 930 )
923 909 934 928 ‚
966 887 1005 917 et
1044 880 1192 931 pariete
1225 878 1396 929 denique
1435 881 1502 918 (uo
1535 878 1720 918 anteriori
1741 878 1835 918 bre«

564 944 670 982 viori
691 944 802 994 septo
823 940 985 979 sinuum
1006 941 1122 994 supra
1142 952 1285 980 arcum
1306 942 1503 994 applicata
1517 943 1567 982 est
1587 939 1680 994 (fig.
1703 947 1728 996 3
1751 940 1833 990 ω).

567 1006 652 1045 Hac
685 1016 784 1056 ergo
820 1005 974 1044 ratione
1009 1008 1127 1044 tubus
1160 1004 1340 1044 efficitur
1375 1017 1393 1043 a
1431 1017 1535 1044 vena
1571 1017 1663 1045 caua
1686 1035 1697 1055 ,
1733 1007 1836 1046 intra

566 1068 702 1110 smum
741 1068 942 1108 sinistrum
977 1067 1215 1120 porrcstu5‚
1248 1070 1317 1119 qui
1353 1067 1432 1119 ipsa
1468 1079 1566 1106 vena
1613 1079 1707 1107 caua
1762 1069 1835 1107 vix

562 1132 769 1182 angustior
803 1133 884 1179 cst,
919 1140 960 1169 et
993 1130 1199 1172 orificium
1238 1132 1422 1181 margine
1457 1134 1526 1171 suo
1557 1129 1684 1170 libero
1717 1131 1832 1171 offert

563 1194 673 1245 (fig.
710 1204 752 1237 2,
792 1205 828 1240 5.
866 1198 906 1231 6.
948 1202 986 1239 7.
1029 1198 1065 1233 8.
1105 1209 1144 1244 9.
1185 1190 1320 1243 10.)‚
1351 1194 1458 1244 quod
1493 1194 1532 1231 in
1570 1194 1689 1244 plano
1721 1193 1828 1233 obli-

563 1271 646 1311 quo
684 1257 859 1309 positum
896 1255 990 1295 axin
1026 1256 1178 1297 sursum
1232 1265 1272 1295 et
1316 1254 1579 1294 sinistrorsum
1629 1253 1833 1294 directum

565 1322 710 1371 habet3
745 1321 840 1360 adeo
865 1349 878 1370 ‚
913 1329 986 1370 vt,
1024 1320 1051 1359 ss
1086 1322 1168 1360 duo
1204 1318 1298 1359 haec
1346 1329 1466 1358 venae
1517 1328 1638 1357 cauae
1683 1317 1837 1374 orificia

567 1395 756 1441 tanquam
792 1383 892 1423 duos
937 1394 1097 1434 mmm,
1149 1385 1191 1423 in
1243 1393 1341 1434 quos
1394 1392 1492 1421 vena
1545 1380 1836 1437 diuideretur,

563 1449 810 1490 considerare
845 1446 1025 1487 volueris
1053 1476 1064 1495 ,
1098 1449 1202 1497 quod
1245 1445 1351 1485 haud
1405 1446 1540 1497 inepte
1591 1444 1678 1484 fieri
1735 1446 1838 1498 posse

565 1513 738 1553 omnino
775 1510 880 1554 mihi
918 1512 1110 1560 videtur;
1145 1510 1220 1550 hoc
1255 1507 1462 1549 orificium
1501 1508 1698 1550 slmstrum
1722 1540 1733 1558 ‚
1769 1510 1837 1552 vel

568 1578 677 1618 tubus
714 1576 883 1630 potine,
919 1586 1014 1615 cum
1051 1564 1132 1616 suo‘
1161 1573 1322 1614 orificio
1357 1573 1398 1612 in
1447 1572 1652 1614 finisti-um
1703 1572 1834 1613 smum

567 1641 859 1695 exporrectis,
891 1642 941 1678 ob
986 1640 1180 1679 maiorem
1231 1637 1492 1689 capacitatem
1548 1649 1625 1677 non
1684 1639 1840 1685 modo,

568 1706 628 1746 sed
665 1706 790 1744 etiam
842 1712 1013 1756 propter
1062 1700 1325 1742 direc‘tionem
1363 1712 1520 1750 venae,
1559 1699 1838 1752 vtplurimum

566 1770 862 1816 conseruat-am,
898 1777 1086 1817 tanquam
1123 1775 1289 1804 truncus
1321 1763 1593 1811 continuatus,
1626 1762 1837 1802 orificium

567 1835 760 1873 dextrum
797 1841 925 1877 vero,
958 1840 1040 1881 quo
1071 1841 1171 1869 vena
1207 1828 1245 1866 in
1290 1826 1419 1866 smum
1472 1826 1662 1864 dextrum
1716 1825 1839 1878 hiat,

571 1907 766 1951 tanquam
801 1884 938 1934 ramuss
976 1894 1060 1932 cius
1097 1891 1268 1933 lateralis
1301 1888 1536 1931 considerari
1575 1888 1705 1943 poffit.

355 2029 506 2065 F⁶²'⁰'”<'²¹
537 2062 546 2076 ‚
718 2029 749 2078 §.
793 2039 862 2067 12.
899 2024 1003 2065 Hinc
1049 2023 1169 2079 paulo
1219 2023 1475 2069 accuratius,
1522 2019 1620 2071 quid
1671 2017 1837 2072 proprie

357 2080 445 2163 {mid
468 2079 660 2162 §ljffjjnud
698 2091 777 2137 fis*
812 2091 917 2142 quod
949 2091 1126 2130 foramen
1162 2089 1278 2129 ouale
1312 2089 1470 2128 dictum
1506 2085 1616 2132 fuit,
1673 2080 1830 2121 inteili-

356 2181 432 2226 quid
466 2166 682 2224 prmgnum
748 2154 874 2199 Nihil
907 2153 1018 2197 aliud
1051 2155 1137 2204 est,
1181 2165 1304 2208 quam
1360 2152 1440 2206 ipsa
1493 2147 1593 2191 basis
1647 2143 1833 2246 valuugge

355 2232 427 2277 pm-
457 2234 500 2261 vm
1816 2226 1839 2235 “
