2012 2724
556 181 643 224 106
809 176 912 216 DE
962 168 1546 216 RESOLVTloNE

552 291 765 334 Caeterum
800 296 876 337 pro
907 281 987 322 hoc
1020 284 1108 324 casu
1142 282 1242 323 tradi
1278 284 1442 337 quidem
1480 284 1604 338 poffet
1643 288 1819 333 formula

555 353 736 395 valorem
768 346 891 400 ipsius
925 347 1083 399 Tang}
1103 344 1213 402 (A—
1235 343 1288 400 C)
1330 346 1518 389 exhibens
1542 378 1554 398 ‚
1606 362 1706 404 quae
1759 361 1820 392 ta-

555 424 652 455 men
687 411 977 467 complicatiot·
1010 411 1084 463 est,
1119 423 1241 465 quam
1276 421 1322 450 vt
1357 410 1444 451 heic
1483 413 1583 454 tradi
1608 423 1827 460 mereatur.

712 509 782 537 20.
816 496 875 534 Vt
911 507 957 534 ea
998 495 1144 536 melius
1178 492 1487 546 intelligantur,
1517 507 1616 548 quae
1648 496 1688 537 in
1710 497 1823 550 prio·

552 557 613 599 fis
645 556 946 599 Dissertationis
975 559 1009 606 §.
1049 564 1118 598 26.
1155 559 1393 597 monuimus
1432 559 1478 598 de
1521 561 1823 600 enumctatioue

555 622 812 664 solutionum
848 621 1048 672 Polygoni
1072 651 1083 670 ‚
1116 631 1212 672 quae
1246 621 1385 659 locum
1421 620 1565 662 habent
1588 651 1600 671 ,
1632 622 1661 664 fi
1696 625 1827 676 respi-

558 686 690 724 ciatur
723 689 770 726 ad
804 686 887 725 eius
918 685 1147 736 diagonales
1182 692 1221 722 ct
1255 683 1420 735 angulos
1437 685 1711 735 diagonalium
1729 698 1826 728 curn

556 747 753 789 lateribus
787 749 1014 800 Polygoni3
1053 761 1126 800 pro
1160 747 1396 800 Tetragono
1426 749 1574 789 adferre
1611 750 1733 802 placet
1753 762 1827 790 ex-

558 811 800 866 positionem
833 824 977 851 eat-um
1013 811 1264 852 solutionum
1289 843 1301 862 ,
1345 823 1443 866 quas
1473 822 1631 865 praeter
1662 814 1831 866 angulos

560 883 601 914 et
635 874 757 915 latera
792 875 1048 928 quadril-steri
1075 906 1087 925 ‚
1137 876 1356 927 diagonalis
1388 878 1584 927 quaedam
1628 876 1707 915 eius
1762 876 1833 917 vel

563 938 704 990 anguli
743 939 864 979 huius
893 939 1116 990 diagonalis
1151 952 1247 979 cum
1284 940 1495 987 lateribus,
1532 941 1831 989 ingrediuntur.

563 1004 795 1055 Antequam
833 1016 930 1044 vero
964 1003 1065 1043 hanc
1100 1004 1453 1042 enumerationem
1493 1005 1645 1042 tradere
1680 1003 1835 1054 liccat,

562 1067 747 1120 primum
784 1069 982 1120 sequentes
1015 1067 1175 1118 regulae
1207 1066 1408 1118 generales
1443 1067 1582 1121 quibus
1613 1067 1799 1108 fundatur
1820 1096 1834 1118 ,

564 1140 687 1172 erunt
722 1132 1052 1185 praemittendae.

683 1216 715 1257 I.
753 1216 799 1257 In
834 1227 1069 1271 quacunque
1103 1214 1298 1258 solutione
1332 1213 1532 1269 Polygoni
1569 1216 1650 1258 duo
1683 1215 1728 1256 ad
1752 1215 1838 1257 mi·

566 1279 728 1319 nimum
766 1282 939 1321 inueniri
973 1283 1113 1324 debent
1149 1281 1301 1331 lineae,
1335 1281 1534 1333 quantitas
1567 1282 1677 1321 enim
1713 1280 1839 1320 linea·

567 1354 665 1384 rum
699 1355 750 1384 ex
785 1346 907 1385 meris
939 1343 1097 1397 angulis
1129 1344 1389 1385 determinari
1425 1344 1579 1397 nequit.

681 1431 735 1472 Π.
771 1432 819 1473 In
853 1432 966 1472 omni
1006 1429 1202 1473 solutione
1236 1431 1473 1483 polygoni,
1515 1429 1613 1470 dum
1651 1441 1721 1482 per
1753 1428 1840 1469 dia·

569 1493 729 1545 gonales
762 1495 801 1534 in
839 1496 1040 1546 triangula
1074 1495 1299 1548 concipitur
1335 1493 1554 1535 resolutum
1577 1523 1588 1543 ,
1623 1506 1703 1534 non
1732 1491 1839 1546 plu·

569 1567 634 1596 res
685 1568 807 1609 quam
866 1569 943 1599 tres
991 1571 1204 1600 occurrere
1255 1560 1393 1600 dehent
1439 1569 1571 1612 partes
1611 1557 1659 1597 ad
1705 1568 1839 1596 vnum

570 1619 760 1671 idemque
795 1621 1051 1672 triangulum
1088 1622 1359 1673 pertinentes3
1409 1634 1503 1661 nam
1539 1621 1569 1661 ss
1603 1621 1736 1674 plures
1772 1632 1842 1661 oc·

571 1693 782 1723 currerent
817 1685 876 1724 vti
908 1694 1103 1736 quatuor,
1130 1694 1267 1734 quartu
1305 1683 1373 1722 illa
1411 1697 1498 1735 pars
1529 1696 1579 1722 ex
1618 1685 1743 1722 tribus
1777 1696 1841 1722 re·

570 1745 692 1800 liquis
725 1747 807 1787 iam
841 1747 1102 1787 determinari
1138 1746 1321 1786 contenda
1355 1746 1407 1784 est
1431 1775 1441 1794 ‚
1479 1746 1643 1796 ideoque
1679 1744 1840 1785 ext-lasa

571 1808 648 1851 hac
679 1821 825 1862 parte,
874 1811 914 1850 in
948 1810 1146 1850 solutione
1183 1821 1243 1849 tot
1276 1821 1358 1849 non
1392 1808 1670 1860 reperirentur
1708 1819 1846 1859 quan-

576 1874 707 1914 tit-ates
729 1903 740 1924 ‚
793 1885 892 1926 quae
941 1874 987 1914 ad
1020 1873 1279 1925 Polygonum
1311 1870 1667 1913 determinandum
1703 1869 1839 1921 requi-

531 1969 538 1976 .
576 1948 735 1978 runtur.
819 1936 883 1978 Sic
935 1937 963 1977 fi
1011 1938 1050 1978 in
1099 1935 1368 1991 quadrilatera>
1421 1931 1629 1974 ABCD
1671 1944 1842 1985 ponatur

527 2021 533 2029 -
575 2001 647 2041 este
699 1999 964 2054 inuestiganda
1014 2001 1198 2053 aequ-atio
1250 2002 1354 2040 inter
1408 1998 1531 2038 latera
1590 1996 1706 2046 AB,
1742 1997 1845 2045 BC,

532 2118 538 2125 .
576 2064 611 2105 C
634 2065 689 2114 D,
721 2064 762 2105 D
785 2066 819 2105 Α
845 2095 856 2115 ,
888 2063 1140 2116 diagonalem
1181 2068 1208 2103 Λ
1235 2063 1268 2105 C
1305 2074 1344 2103 et
1379 2062 1573 2113 angulum
1610 2061 1664 2108 133
1685 2061 1844 2101 intelli-

577 2128 685 2181 gitur
720 2128 761 2170 id
795 2129 966 2173 minime
999 2128 1112 2174 effici
1147 2128 1282 2185 pass'e,
1339 2127 1535 2182 siquidem
1588 2138 1664 2182 pto
1716 2127 1845 2165 trian-

1745 2187 1848 2241 gulo
