2012 2724
433 225 516 270 DE
552 223 872 269 FORAMINE
905 222 1109 269 OVALI.
1318 240 1408 279 :391

146 340 390 393 inaequales.
460 343 684 391 Anterior,
715 339 785 393 qui
821 339 896 380 basi
935 341 997 381 sua
1035 341 1146 381 arcui
1169 373 1180 390 ‚
1221 341 1283 382 seu
1321 353 1418 383 orae

145 406 293 447 orificii
328 406 466 448 linissri
504 405 698 447 anteriori
740 402 915 454 insidet,
949 415 989 443 et
1023 418 1105 457 quo
1161 416 1247 445 toto
1302 407 1419 447 tubus

145 472 253 524 septo
288 470 403 525 super
435 482 576 513 arcum
614 468 827 518 adhaeret,
860 467 966 518 (fig.
1003 475 1042 524 3.
1077 478 1106 511 t.
1142 483 1169 509 v
1213 473 1300 522 w.)
1327 472 1417 511 bre-

144 537 329 576 viffimus
355 535 417 575 est.
485 533 688 575 Posterior
721 530 783 587 (ο.
816 540 858 587 p.
895 544 931 584 q.
964 545 998 573 s.
1035 542 1064 574 t.
1100 545 1140 574 v.
1164 539 1205 583 )‚
1245 537 1314 588 qui
1356 536 1418 576 sua

143 600 219 641 basi
251 605 440 655 lupremo
469 598 612 651 parieti
640 598 797 639 sinistro
823 607 863 638 et
893 599 1103 651 posteriori
1133 611 1256 640 venae
1287 612 1425 648 cauae,

142 667 207 706 sen
233 664 434 720 posteriori
456 663 719 716 inferiorique
738 675 829 703 orae
851 662 1002 704 orificii
1026 663 1166 704 sinistri
1200 664 1354 712 insidet,
1381 677 1420 705 et

145 740 254 772 totus
286 729 384 768 liber
417 728 468 768 est
489 754 501 776 ‚
534 727 787 782 longissimus
821 728 888 771 est.
972 728 1200 769 Dexterior
1238 729 1315 770 siue
1355 731 1423 771 su-

141 797 276 847 perior
310 789 374 846 (s.
398 805 430 835 r.
451 801 479 833 t.
503 795 522 844 )
542 826 552 844 ,
589 806 629 834 et
662 793 877 834 sinisterior
913 791 997 833 sine
1033 794 1197 834 inferior
1232 791 1291 847 (0.
1310 809 1345 836 v.
1371 799 1383 843 )
1412 827 1422 846 ‚

139 857 205 898 fibi
241 857 317 897 fire
352 857 534 910 aequales
570 870 607 899 tt
642 859 759 900 liberi
791 860 899 899 sunu
942 892 945 895 .
981 858 1132 907 Figura
1169 859 1294 898 totius
1330 859 1416 900 tubi

136 934 336 975 practerea
367 933 537 964 curuata
574 925 668 972 estr
712 933 750 960 et
785 923 854 975 qui
907 931 960 960 ex
1012 921 1093 960 bafi.
1140 922 1202 961 sua
1253 922 1417 977 obliqua

132 986 364 1028 adscendere
400 987 578 1040 incipit,
621 984 782 1027 orificio
832 985 901 1025 suo
951 996 1140 1026 extremo
1172 985 1255 1035 (ς.
1294 991 1336 1032 6,
1374 998 1417 1036 7.

134 1067 176 1104 9.
218 1049 320 1105 10.)
372 1052 642 1093 sinistrorsum
692 1050 907 1092 inclinatus
953 1049 1133 1104 respicit.
1216 1051 1417 1105 Suprema

132 1128 199 1157 ora
237 1119 402 1171 parietis
436 1115 579 1158 sinistri
615 1127 654 1157 et
689 1114 919 1170 posterioris
966 1127 1091 1156 venae
1141 1126 1260 1157 canae
1283 1147 1294 1166 ,
1347 1117 1417 1158 cui

133 1180 211 1221 basi
250 1185 314 1223 {ua
352 1183 512 1222 valnula
549 1181 689 1220 insidet
710 1211 729 1230 ‚.
759 1189 799 1219 et
830 1190 889 1219 ex
917 1190 994 1232 qua
1045 1178 1144 1219 haec
1199 1183 1417 1223 continua-

132 1254 231 1297 tur,
263 1245 420 1286 etiamsi
455 1244 622 1286 valuula
656 1243 810 1296 integra
845 1241 924 1294 fit,
954 1240 1016 1298 lob
1054 1242 1265 1285 craffitiem
1312 1258 1413 1300 opa-

136 1311 411 1362 citatemque‚
445 1322 521 1363 qua
547 1341 558 1361 ‚
591 1318 644 1349 vt‘
670 1321 773 1350 vena
807 1317 909 1357 tota,
943 1308 1065 1348 etiam
1103 1309 1189 1350 eins
1222 1313 1409 1362 suprema

134 1386 204 1414 ora
239 1378 416 1425 gaudet,
451 1385 490 1416 et
529 1373 716 1415 ualnulae
757 1383 894 1414 contra
938 1373 1177 1413 tenuitatem
1232 1373 1409 1428 pelluci-

134 1439 382 1492 ditatemque
417 1441 458 1480 in
497 1439 582 1480 sinu
634 1437 790 1479 sinistro
837 1446 1013 1492 apertoy
1059 1437 1157 1478 dum
1211 1438 1252 1478 in
1305 1450 1410 1492 aqua

130 1501 301 1555 fluitat,
336 1505 498 1556 egregie
535 1505 758 1556 percipitur
791 1511 831 1542 et
866 1502 1138 1554 distinguitur.
1207 1500 1411 1559 (Saepius

131 1569 198 1609 cit.
234 1580 265 1608 o.
297 1576 337 1623 p.
374 1581 398 1621 q
447 1582 480 1612 r.
514 1567 581 1621 fig.
617 1574 655 1624 3.
688 1567 715 1609 h
763 1567 784 1608 i.
827 1564 861 1608 k.
883 1565 911 1617 l.
985 1567 1093 1608 Haec
1128 1579 1252 1608 venae
1286 1581 1410 1610 cauae

128 1631 313 1685 suprema
349 1646 420 1674 ora
455 1635 495 1674 in
532 1633 618 1674 sinu
654 1632 809 1673 sinistro
841 1644 920 1673 non
959 1633 1082 1673 modo
1117 1645 1198 1672 non
1224 1634 1412 1687 cognita,

129 1697 197 1742 sed,
223 1698 346 1738 etiam
372 1728 386 1748 ‚
413 1708 612 1751 quantum
651 1699 760 1746 scio,
794 1707 1002 1750 nunquam
1047 1697 1248 1738 obseruata
1276 1728 1287 1746 ‚
1345 1708 1413 1739 at-

128 1769 263 1802 tamen
300 1763 348 1803 ad
381 1763 694 1815 cognoscendam
731 1761 879 1803 harum
917 1762 1101 1816 partium
1139 1762 1326 1803 fabricam
1364 1773 1407 1804 et

129 1835 314 1866 naturam
353 1826 565 1880 insigniter
597 1827 746 1879 Vtilis,
793 1826 895 1881 quin
948 1825 1153 1868 necessaria
1197 1827 1267 1868 est.
1335 1827 1407 1869 Ex

128 1889 324 1942 descripta
358 1892 545 1934 valuulae
578 1892 709 1944 figura
745 1891 943 1944 intelligis
965 1919 977 1942 ,
1012 1890 1122 1933 nulla
1157 1893 1193 1933 ei
1215 1924 1228 1944 ‚
1261 1899 1309 1931 vt
1342 1892 1402 1932 se-

130 1954 395 1995 milunaribus
417 1986 428 2006 ‚
462 1969 481 1996 a
514 1959 657 2006 quibus
690 1967 779 1998 toto
811 1956 927 1998 coelo
983 1956 1148 2006 differt,
1195 1953 1404 1998 cornicula

130 2019 234 2071 tffe3
269 2020 328 2058 sed
369 2017 398 2057 fi
433 2021 626 2073 parietem
647 2054 661 2073 ,
691 2035 773 2074 quo
802 2022 1018 2073 adli-anet,
1069 2033 1088 2060 a
1128 2030 1238 2074 parte
1272 2019 1398 2059 libera

116 2095 168 2126 'et
204 2083 345 2125 mobili
383 2085 463 2124 tubi
499 2086 758 2139 distinxeris3
792 2087 917 2128 latera
957 2096 1096 2126 notare
1132 2083 1248 2137 poffis
1272 2112 1285 2132 ‚
1334 2084 1402 2125 seu

127 2150 363 2201 margines,
414 2151 558 2201 quibus
593 2152 782 2205 vtrinque
819 2163 908 2205 pars
939 2149 1062 2191 affixa
1096 2161 1116 2188 a
1161 2149 1285 2189 libem
1334 2148 1397 2190 di-

127 2213 349 2268 stinguitur
380 2218 496 2269 (w.)
517 2243 532 2266 ,
563 2217 627 2257 seu
662 2217 868 2268 margines
905 2218 1032 2269 partis
1080 2214 1232 2256 liberae
1253 2241 1269 2263 ‚
1299 2225 1406 2266 quo-

1307 2290 1401 2319 rum
