2012 2724
464 234 546 278 DE
582 232 907 281 FoaAmlNE
944 230 1146 276 OVALI.
1358 250 1410 289 41
1427 247 1447 287 ς

325 351 509 394 smillrac.
581 364 651 401 24.
687 346 915 391 orificium
938 379 950 399 ,
984 359 1067 402 quo
1099 350 1242 393 duetus
1272 352 1447 394 arretio.

326 419 384 459 sus
423 418 462 457 in
499 415 678 457 Aortam
716 413 816 454 hiat.
904 422 978 461 25.
1020 412 1112 454 Pars
1154 426 1305 459 aortae.
1380 420 1451 457 26.

325 482 448 523 Vena
488 478 736 533 pulmon-alis
769 476 920 518 finistm
953 477 1151 530 superior.
1230 493 1299 529 27,
1339 479 1450 522 Inse-

328 547 428 587 rior.
494 549 566 586 28.
601 541 762 584 Dextra
795 541 993 596 superior.
1063 556 1134 597 29.
1172 544 1356 587 Inferior.

715 652 754 703 F
756 651 818 716 ig.
867 668 907 702 2.

322 753 442 796 Sinus
497 753 683 805 smister,
732 768 812 796 vna
863 769 959 798 cum
1010 755 1244 798 ventriculo
1292 755 1449 798 srulstro

172 830 359 874 apertUS,
393 819 582 861 incisione
616 821 655 860 iu
707 832 818 874 parte
871 821 1019 863 smistra
1077 833 1229 874 propre
1286 822 1446 874 septum

170 885 296 931 fasta,
335 885 570 938 sursumque
604 884 862 925 dutstriuter
918 887 1109 926 arteriam
1166 882 1446 937 pulmoualem

168 958 206 989 et
241 950 463 990 auriculam
511 948 712 989 smistram
764 957 804 986 et
859 961 929 1001 per
981 946 1190 988 orificium
1247 950 1446 987 venosum

169 1014 399 1056 ventriculi
457 1015 498 1053 in
551 1011 684 1052 smum
741 1009 942 1052 finistrum
999 1023 1139 1065 vsque.
1192 1009 1316 1052 Sinus
1368 1011 1450 1065 ipse

172 1077 492 1120 transuersalitet
529 1075 652 1116 fimul
690 1075 838 1117 incisus
871 1076 939 1117 est.
1007 1076 1165 1133 Quibus
1201 1075 1340 1125 fastis,
1377 1089 1451 1129 pa·

167 1143 244 1183 ries
279 1144 473 1198 posterior
506 1140 765 1189 ventriculi,
816 1153 897 1180 vna
933 1153 1025 1180 curn
1063 1140 1241 1180 auricula
1279 1140 1448 1193 *sinistra

168 1218 207 1246 et
234 1210 417 1260 &pariete
466 1203 674 1257 posteriori
728 1203 835 1242 smus
895 1201 1155 1244 dextrorsum
1209 1202 1448 1247 reflec'titur.

170 1270 278 1311 Haec
314 1270 435 1310 sctstio
485 1268 709 1315 conuenit,
757 1267 824 1307 vbi
876 1267 1052 1320 figuram
1104 1279 1145 1309 et
1202 1268 1446 1310 strueruram

172 1334 357 1375 valuulae
391 1334 500 1375 smus
535 1331 676 1372 smistri
710 1332 945 1374 examinare
979 1332 1173 1374 volueris.
1216 1335 1282 1374 Ad
1308 1342 1446 1375 totum

174 1397 308 1438 smum
342 1397 633 1440 obseruandum
670 1396 793 1436 altera
828 1398 1078 1450 praeferenda
1131 1398 1223 1447 est,
1274 1409 1353 1452 qua
1405 1399 1446 1440 in

170 1463 331 1514 integro
360 1464 475 1504 corde
518 1460 644 1514 paries
676 1459 784 1501 finus
819 1461 1013 1513 posterior
1046 1473 1125 1502 vna
1178 1473 1277 1500 cum
1331 1464 1447 1503 venis

170 1528 470 1581 pulmonnlibus
504 1527 711 1565 resecatur.
789 1525 1032 1568 obseruatio
1082 1525 1185 1567 faeta
1233 1525 1354 1569 corde
1401 1528 1445 1568 in

170 1604 266 1646 aqua
305 1592 518 1634 submerso,

235 1668 284 1708 A.
304 1665 349 1706 Β.
389 1664 483 1706 Pars
514 1663 674 1718 parietis
708 1662 848 1705 finistri
883 1672 926 1704 et
954 1665 1184 1718 posterioris
1206 1664 1446 1718 ventriculi,

317 1743 337 1771 a
374 1742 448 1783 qua
485 1730 665 1783 reliquus
699 1729 828 1783 paries
856 1729 939 1779 (Β.
962 1727 1045 1779 C‚)
1083 1731 1269 1772 rest-etus.

232 1793 277 1837 Β.
316 1798 436 1846 Apex
472 1793 696 1835 ventriculi
734 1793 877 1834 incisus
911 1795 1005 1847 ipse,

228 1858 405 1902 C.B.L.
444 1859 573 1900 Paries
619 1859 872 1907 ventriculi,
924 1859 995 1912 qui
1046 1873 1195 1916 nempe
1247 1860 1446 1915 posterior

320 1934 362 1962 et
395 1922 546 1964 smister
578 1923 630 1962 est
658 1952 671 1971 ‚
709 1922 878 1964 resectus
926 1935 950 1964 a
1000 1935 1113 1977 parte
1161 1925 1240 1977 (A.
1266 1923 1351 1980 B.)
1402 1935 1445 1967 et

320 1984 494 2026 reflexus
522 1988 794 2029 dextrorsum.

232 2061 287 2102 D.
321 2059 490 2114 Septum
516 2091 529 2111 ,
562 2062 669 2113 quod
701 2062 867 2103 crassum
902 2062 1053 2103 durum
1097 2071 1332 2102 connexum
1374 2062 1441 2106 est.

233 2145 283 2188 Ε.
300 2155 338 2185 et
358 2146 405 2188 F.
440 2145 749 2201 Papillae‚quas
782 2148 873 2189 dico
901 2149 1108 2189 anteriores
1143 2145 1222 2186 srue
1252 2145 1435 2197 sinistras.

322 2209 536 2253 Connexae
562 2212 650 2253 sunt
672 2214 774 2255 inter
808 2214 843 2255 se
875 2223 916 2256 et
952 2211 1130 2267 triplices
1155 2222 1315 2267 quoque
1339 2224 1441 2253 non·

1325 2287 1442 2317 nun-
