2012 2724
202 251 304 279 ω
327 187 417 230 AD
453 183 869 230 RELATlONEM
905 186 1337 234 PLANETARVM.
1386 200 1475 241 511

203 304 308 346 hanc
341 303 662 356 disquisitionem
698 303 928 358 plurimum
968 304 1153 358 impedit.
1219 302 1360 346 Multo
1395 318 1482 348 rna-

203 371 333 411 iorem
370 379 507 410 autem
544 370 695 409 fontem
734 368 855 409 huius
889 368 1187 410 incerti-tudinis
1226 371 1265 410 in
1314 370 1481 412 inclina-

205 436 344 484 tione,
388 445 509 486 quam
553 434 704 474 orbitae
754 434 1004 486 planetarum
1058 434 1349 488 antiquiffimis
1398 435 1484 478 illis

206 500 458 553 temporibus
495 499 725 551 tenuerint,
756 511 857 540 mox
892 501 1137 551 detegemus

350 597 381 645 ξ.
421 606 459 643 3.
495 594 697 650 Quamuis
732 605 869 638 autem
909 595 1147 638 Astronomi
1190 598 1306 652 super
1362 607 1482 639 motu

204 661 405 702 nodorum
444 670 654 713 tantopere
697 663 801 701 inter
855 663 893 702 se*
940 661 1198 703 distentiant:
1255 673 1389 703 tamen
1443 664 1486 703 in

204 722 279 765 hoc
316 726 422 764 inter
457 725 490 764 se
520 737 661 766 omnes
696 728 917 767 conuenire
955 729 1147 768 videntur
1169 759 1179 778 ,
1221 727 1328 781 quod
1367 726 1488 768 incli-

203 792 410 830 nationem
446 789 673 830 orbitarum
708 792 754 831 ad
791 791 1021 844 eclipticam
1078 791 1356 832 itiuariabilem
1408 793 1484 834 sta·

205 864 319 895 ruant
343 882 354 902 ‚
387 855 738 906 quemadmodum
773 869 824 898 ex
861 857 1040 907 sequenti
1074 857 1374 908 comparatione
1425 868 1485 897 tu-

203 919 391 959 bularum
427 919 790 957 astronomicarum
830 919 978 970 patebit

202 1007 464 1080 Inclinatio
501 1006 776 1058 orbitatum
806 1003 1114 1072 planetarum
1133 1008 1195 1059 ad
1213 1009 1486 1075 eclipticam

519 1123 587 1155 ¹ex
611 1110 756 1150 tabulis
767 1109 999 1152 Caffinianis
1031 1124 1081 1152 ex
1102 1112 1245 1152 tabulis
1265 1111 1487 1154 Hall'eianis

633 1164 650 1179 0

204 1174 286 1216 Pro
321 1167 520 1219 Saturno]
606 1184 629 1210 2
718 1172 787 1221 30¹
857 1172 940 1222 36¹*
1103 1165 1149 1216 2⁰
1217 1172 1290 1226 30¹
1362 1172 1436 1218 10¹¹

202 1239 282 1280 Pro
319 1238 419 1278 Ioue
516 1227 519 1255 ¹
602 1248 620 1274 1
724 1251 777 1287 19
859 1249 918 1286 30
1104 1254 1122 1280 1
1222 1251 1277 1294 19
1367 1254 1424 1284 10

204 1303 283 1344 Pro
320 1301 461 1341 Marte
604 1316 622 1343 1
722 1310 780 1350 50
858 1313 916 1351 54
1105 1319 1123 1345 1
1213 1313 1266 1352 51
1395 1320 1424 1348 0
1475 1355 1477 1357 ,

205 1367 284 1409 Pro
322 1366 475 1405 Venere
537 1386 543 1391 -
600 1375 622 1413 3
727 1377 781 1415 23
863 1380 917 1409 20
1101 1380 1124 1417 3
1214 1380 1271 1418 23
1370 1381 1429 1410 20

206 1433 287 1473 Pro
309 1430 521 1479 Mercurio
603 1441 631 1480 7
761 1442 791 1472 0
897 1443 923 1474 0
1097 1437 1128 1473 6
1212 1446 1270 1486 59
1366 1438 1441 1482 20.'

205 1528 374 1571 Verum
397 1542 449 1572 ex
484 1527 563 1568 lior:
600 1527 764 1580 egregio
797 1528 984 1569 consensu
1021 1528 1116 1582 plus
1148 1529 1385 1572 concludere
1406 1545 1487 1575 non

204 1593 326 1646 licet,
359 1607 479 1648 quam
513 1593 620 1646 quod
670 1591 731 1632 liis
785 1594 1068 1646 posterioribus
1121 1593 1258 1637 seculis
1311 1595 1486 1638 inclina.-

208 1660 336 1699 tiones
371 1658 626 1713 planetarum
663 1656 715 1697 ita
750 1661 786 1698 ie
825 1657 1069 1711 habuerint,
1123 1662 1260 1713 prouti
1297 1659 1364 1701 hic
1398 1661 1486 1703 affi-

207 1733 401 1774 gnantur.
469 1721 597 1762 Nihil
631 1733 764 1763 autem
801 1721 895 1765 hinc
932 1725 1039 1774 certiv
1075 1737 1149 1778 pro
1199 1725 1485 1778 antiquoribus

208 1789 459 1840 temporibus
494 1786 633 1838 colligi
671 1787 808 1841 potest,
826 1787 925 1827 dum
964 1789 1022 1830 isti
1059 1787 1242 1830 auctores
1275 1789 1356 1831 sine
1399 1790 1484 1832 vlla

208 1851 366 1894 ratione
400 1851 508 1904 quasi
540 1852 660 1893 tacite
693 1854 951 1906 supponunt,
984 1857 1153 1895 eandem
1179 1855 1486 1897 inclinationem

210 1928 288 1970 pro
322 1915 487 1967 singulis
522 1917 690 1969 planetis
725 1918 838 1957 omni
879 1928 1063 1971 tempore
1103 1920 1244 1960 locum
1281 1918 1487 1971 liabuiffe3

210 1982 248 2021 id
284 1980 389 2032 quod
427 1991 505 2019 non
541 1978 670 2020 solum
707 1982 888 2023 theoriae
924 1985 1107 2023 maxime
1138 1985 1391 2032 truncantur,
1424 1983 1486 2024 vti

211 2055 310 2085 mox
346 2043 564 2084 clariffime
597 2045 845 2086 ostendemus
866 2079 878 2099 ‚
910 2059 1059 2088 verum
1079 2047 1202 2086 etiarn
1225 2046 1347 2086 nullis
1371 2045 1485 2101 plane

208 2108 550 2150 obseruationibus
583 2107 819 2150 confirmari
855 2112 991 2166 potest.
1058 2108 1200 2163 Atque
1235 2109 1328 2152 hinc
1363 2110 1487 2152 simul

211 2174 358 2230 patebit
381 2202 394 2226 ,
442 2173 565 2216 etiarn
603 2171 848 2229 politionem
884 2176 1085 2218 nodorum
1117 2187 1197 2230 pro
1234 2177 1486 2231 temporibus

1374 2250 1484 2282 anti-
