2012 2724
313 849 399 886 Tab.
428 851 469 884 Π.

324 902 396 948 Fig.
427 912 459 937 1.

509 192 602 251 390
668 190 1004 241 FORMVLAE
1039 185 1153 234 PRO
1191 188 1660 239 TRANSLATIONE

501 314 714 366 gationcm
749 305 873 348 simul
908 304 1176 361 suscepissem,
1210 307 1317 349 vnde
1353 316 1435 350 tota
1470 306 1659 348 tractatio
1691 319 1768 350 non

497 384 646 428 parum
683 371 849 412 molesta
883 382 922 412 et
956 372 1138 412 intricata
1174 370 1228 411 est
1263 372 1442 413 reddita:
1481 371 1559 412 hoc
1592 371 1682 412 loco
1701 373 1771 411 so-

495 438 579 477 lam
616 447 774 490 partem
809 436 1102 487 geometricam
1135 437 1353 476 accuratius
1385 436 1579 478 euoluere
1625 435 1773 476 eonsti-

496 501 590 552 tui,
624 512 706 554 quo
739 500 922 555 deinceps
978 513 1067 556 pars
1121 498 1353 543 mechanica
1398 500 1576 542 faciliori
1608 499 1773 553 negotio

494 565 680 621 expediri
719 564 846 618 poffit.

648 663 683 710 ξ.
726 677 763 703 2.
800 661 858 701 Vt
896 660 1027 712 igitur
1079 660 1216 715 primo
1265 659 1387 701 situm
1433 660 1629 702 initialem
1685 674 1774 704 cor-

497 727 608 779 poris
642 727 764 777 rigidi
800 735 975 766 accurate
1007 724 1197 766 definiam
1223 755 1234 774 ,
1291 723 1533 777 positionem
1587 725 1773 777 singulo-

500 802 595 831 rum
630 793 716 830 cius
752 791 1002 843 punctorum
1041 801 1157 830 more
1194 789 1312 830 solito
1347 800 1418 841 per
1454 799 1585 828 ternas
1615 791 1773 832 coordi-

503 864 609 894 natas
643 856 747 894 inter
783 854 815 893 se
851 853 1050 893 normales
1084 852 1369 906 repraesentari
1396 853 1623 896 conueniet.
1657 854 1777 894 Hunc

502 918 542 958 in
579 916 702 957 finem
752 918 952 957 constituo
986 928 1120 956 ternos
1152 928 1246 956 axes
1280 915 1385 956 fixos
1418 916 1500 968 ΙΑ,
1537 915 1603 957 ΙΒ
1637 927 1676 958 et
1711 916 1775 959 1C

498 982 536 1023 se
573 981 751 1021 inuicem
790 981 829 1019 in
869 981 1019 1031 {nuncio
1057 980 1074 1020 1
1123 979 1361 1020 normaliter
1395 984 1576 1030 secantes,
1595 993 1776 1034 quorum

499 1045 580 1085 bini
622 1046 701 1086 lA
736 1055 774 1084 ct
808 1043 884 1083 1ss
919 1047 958 1084 in
996 1047 1077 1098 ipio
1114 1043 1232 1097 piano
1267 1044 1421 1085 tabulae
1453 1045 1528 1084 (int
1564 1044 1654 1096 firi,
1691 1056 1773 1086 tet-

500 1110 580 1149 tius
612 1121 712 1149 vcro
746 1106 818 1148 lC
863 1108 953 1146 hinc
1007 1107 1124 1159 plano
1172 1109 1567 1159 perpendiculariter
1610 1108 1776 1150 insistat.

499 1172 627 1215 Nunc
662 1170 869 1214 considero
908 1171 1106 1222 punftum
1140 1172 1322 1221 corporis
1354 1175 1620 1222 quodcunque
1656 1169 1711 1222 Z,
1725 1181 1779 1211 cx

501 1249 585 1289 quo
640 1236 687 1275 ad
741 1233 904 1287 phitium
958 1235 996 1273 A
1022 1232 1094 1275 1ss
1144 1230 1392 1274 demittatur
1445 1232 1779 1286 perpendiculum

501 1297 607 1349 ZS3
643 1308 732 1340 tum
771 1309 870 1337 vcro
901 1309 955 1335 cx
988 1297 1136 1348 puncto
1170 1294 1195 1337 S
1231 1296 1277 1336 ad
1331 1307 1425 1336 axes
1479 1292 1560 1336 1A
1609 1305 1650 1337 et
1703 1294 1723 1335 I
1745 1294 1781 1338 Β

503 1366 696 1406 ducantur
733 1359 935 1402 normales
976 1359 1002 1403 S
1025 1361 1052 1401 P
1083 1372 1123 1402 et
1158 1359 1182 1402 S
1203 1361 1277 1414 Q,
1310 1371 1354 1399 ac
1390 1370 1584 1401 vocemus
1619 1361 1785 1403 coordi-

504 1440 612 1469 natus
648 1424 1038 1480 1P1QS:p‚
1073 1424 1433 1477 1³8leth
1467 1435 1506 1465 et
1542 1425 1667 1477 ipsum
1694 1436 1782 1477 per-

506 1491 770 1545 pendiculum
807 1491 830 1531 S
852 1486 961 1531 Z:
982 1502 1017 1538 r,
1051 1491 1114 1530 cui
1152 1491 1191 1530 in
1225 1499 1297 1529 axe
1335 1488 1406 1530 lC
1439 1488 1616 1541 aequalis
1649 1490 1788 1542 capia-

507 1566 575 1596 tur
613 1555 749 1609 portio
782 1554 991 1604 IRzzm
1027 1555 1078 1595 ita
1116 1563 1157 1594 vt
1213 1553 1408 1606 punitum
1465 1550 1504 1595 Z
1555 1553 1785 1607 reperiatur

507 1619 550 1660 in
585 1618 787 1670 diagonali
826 1617 846 1657 Ι
870 1613 906 1657 Ζ
942 1617 1271 1670 parallelepipedi
1304 1617 1526 1669 rectanguli
1553 1644 1565 1665 ,
1596 1617 1703 1673 quod
1734 1627 1787 1658 ex

510 1684 700 1724 lateribus
737 1680 824 1730 ΙΡ,
863 1680 951 1733 IQ
975 1690 1015 1720 ct
1072 1682 1144 1721 lR
1196 1681 1411 1722 formatur.
1516 1681 1602 1720 Hoc
1655 1682 1786 1731 igitur

510 1748 632 1787 modo
672 1745 817 1797 positio
853 1743 1104 1793 singulorum
1141 1743 1326 1794 corporis
1363 1742 1610 1794 punctorum
1671 1755 1789 1783 com-

511 1809 738 1851 ssl()dlffilT:C
795 1818 863 1860 ptr
918 1818 1040 1850 ternas
1095 1806 1342 1848 coordinatus
1377 1815 1420 1863 p,
1451 1816 1487 1855 q,
1518 1816 1555 1855 r,
1588 1805 1789 1847 determi-

510 1874 680 1914 nabitur.

665 1971 698 2019 §.
736 1983 776 2019 3.
812 1970 905 2023 Quo
941 1979 1077 2010 antem
1113 1970 1298 2024 deinceps
1333 1967 1484 2011 facilins
1521 1967 1587 2009 issa
1626 1979 1789 2020 reprae-

517 2036 687 2078 sentatio
723 2037 767 2075 ad
806 2035 1148 2086 {intellig-ationem
1192 2034 1465 2075 mechanicam
1503 2033 1789 2074 accommoda-

515 2101 551 2139 ri
592 2099 741 2151 poffit,
798 2098 1048 2150 pund‘tnml
1106 2098 1306 2150 astiffime
1362 2097 1560 2152 accipitur
1613 2098 1653 2138 in
1708 2095 1793 2148 ipso

523 2172 666 2207 centro
699 2164 908 2215 grauitatis
943 2168 1004 2203 teu
1041 2164 1175 2218 potius
1225 2162 1390 2204 inertiae
1443 2160 1624 2218 corporis
1673 2155 1795 2208 rigidi

1642 2231 1788 2278 Propo*
