2012 2724
568 210 686 267 ‘’22³ss
719 208 736 270 (
770 224 797 258 0
831 214 847 266 >
877 209 996 264 &1030-
1359 217 1419 265 65

130 342 184 371 ex
218 326 558 372 obseruationibus
596 337 724 381 neque
773 339 827 369 ex
878 325 1034 370 theoria
1090 324 1198 370 circa
1251 337 1418 371 motum

134 397 332 436 nodorum
371 405 409 434 et
443 392 752 434 inclinationem
789 393 1017 433 orbitarum
1057 392 1311 446 planetarum
1348 407 1418 437 co-

135 460 267 512 gnosci
305 457 410 512 posse
437 491 448 511 ‚
483 456 554 498 nili
592 457 687 498 haec
721 457 918 498 elementa
954 459 1000 499 ad
1034 458 1239 500 circulum
1278 459 1415 501 minus

137 523 369 565 variabilem
408 525 448 565 in
484 520 600 565 coelo
629 535 752 577 quam
788 522 973 579 ecliptica
1008 524 1255 574 referantur,
1289 536 1415 577 quem

134 589 176 629 in
217 586 342 629 finem
378 597 641 643 aequatorem
676 587 860 630 Solarem
897 589 1230 642 propoiuerunt3
1266 599 1415 630 verum

133 652 182 693 ob
217 652 333 706 plura
372 654 667 702 incommoda,
700 653 848 707 quibus
899 652 1080 693 redutstio
1133 650 1283 693 horum
1331 653 1420 696 cle·

133 729 369 759 mentorum
417 720 463 759 ad
516 718 722 758 circulum
771 727 977 770 tantopere
1012 716 1145 757 adhuc
1182 710 1417 778 incertQi,

128 781 175 821 ab
208 782 394 836 ecliptica
433 781 558 822 simul
598 782 722 821 nimis
754 781 963 821 diuersum
987 808 1000 830 ‚
1032 781 1262 831 laboraret,
1312 778 1411 825 eum

131 847 585 900 acquercpudiancium
622 847 695 886 effe
730 843 798 885 lll.
836 847 884 886 de
921 856 996 898 qua
1032 845 1195 896 agimus
1232 846 1411 888 differta·

128 911 248 951 tionis
281 909 448 953 Auctor
490 920 706 961 autumat3
760 910 993 963 praesertim
1045 921 1143 951 cum
1196 910 1238 950 in
1290 908 1413 953 aliam

126 975 258 1016 ideam
301 976 529 1028 incidisset,
564 975 640 1017 hoc
677 975 888 1026 negotium
927 973 1180 1015 conficiendi.
1233 972 1274 1017 Si
1295 968 1410 1018 ‘enim

126 1053 202 1094 pro
235 1041 393 1083 circulo
428 1041 501 1082 illo
533 1040 621 1081 fixo
656 1040 734 1094 ipse
766 1040 971 1094 eclipticae
1006 1039 1116 1089 situs,
1143 1050 1265 1094 quem
1298 1051 1411 1084 certo

124 1105 299 1159 quodam
337 1116 526 1160 tempore
559 1105 751 1153 obtinuit,
781 1105 1021 1159 accipiatur,
1051 1105 1307 1147 manifestum
1341 1107 1411 1158 est,

123 1170 223 1211 loca·
248 1169 508 1225 planetarum
538 1203 549 1223 ‚
598 1183 700 1224 quae
736 1180 924 1224 tempore
975 1181 1223 1225 quocunque
1258 1170 1407 1214 fuerint

122 1235 688 1286 obseruata‚commodiffime
723 1235 768 1275 ad
805 1236 918 1276 iilam
954 1233 1184 1289 eclipticam
1208 1235 1405 1277 determi-

125 1310 258 1340 natam
295 1301 480 1343 reuocari
512 1301 631 1355 poffe.
686 1299 930 1354 Proponit
953 1299 1083 1351 igitur
1120 1299 1199 1340 Vir
1233 1298 1298 1340 114.
1332 1311 1407 1353 pro

127 1362 204 1404 hoc
239 1366 376 1418 scopo
392 1364 662 1426 positionem,
696 1376 818 1419 quam
862 1363 1050 1416 ecliptica
1102 1364 1226 1405 initio
1280 1361 1404 1409 huius

127 1425 247 1466 seculi
287 1425 461 1480 habuitJ
510 1428 663 1484 quippe
706 1439 807 1482 quae
851 1429 1004 1470 merito
1038 1439 1232 1484 tanquam
1265 1427 1405 1470 circu-

129 1490 192 1530 lus
228 1491 270 1531 in
303 1493 416 1533 coelo
449 1503 603 1532 reuera·
621 1492 729 1532 fixus
761 1492 935 1544 spectari
965 1494 1115 1543 potest,
1140 1493 1403 1546 quandoqui-

122 1554 213 1596 dem
258 1557 413 1610 semper
457 1568 529 1609 per
579 1557 736 1596 easdem
792 1553 920 1595 stellas
975 1553 1076 1594 fixas
1128 1553 1296 1595 tranfire
1347 1556 1401 1599 est

122 1621 347 1670 censendus,
368 1631 421 1659 im
459 1628 504 1658 vt
541 1629 626 1658 tam
663 1617 751 1657 loca
788 1619 1043 1670 planetarum
1069 1628 1119 1658 et
1132 1629 1403 1662 cometarum

123 1694 244 1738 quam
280 1695 423 1727 eorum
452 1682 634 1724 orbitae·
662 1681 991 1755 commodissime
1041 1683 1088 1724 ad
1140 1694 1240 1724 eum
1298 1685 1403 1727 reice

120 1757 275 1789 rantur.
486 1762 487 1766 ¹
552 1768 556 1771 >
859 1777 865 1781 ι
936 1779 938 1781 »

273 1811 502 1855 Constituto
523 1813 653 1866 igitur
678 1813 871 1864 circulo,
879 1822 1082 1862 maximo,
1093 1822 1298 1867 immoto,
1323 1825 1401 1867 po·

125 1875 312 1918 sirionem
349 1877 557 1930 eclipticae
592 1868 720 1920 initio'
749 1878 1016 1919 huinsffec'uli
1054 1877 1308 1929 exhibente,
1330 1877 1399 1920 Ill.

127 1942 288 1982 Auctor
324 1944 363 1982 in
401 1944 548 1994 puncto
589 1943 834 1998 aequinoctii
857 1973 859 1975 -
886 1945 1002 1984 verni
1032 1943 1094 1992 (a
1144 1950 1228 1996 quo
1276 1941 1400 1984 simul

124 2003 390 2057 longitudines
424 2006 635 2049 stellarum·
668 2005 1121 2063 ernnt‘computandae)
1141 2005 1293 2048 stellam
1316 2006 1400 2048 fin-

124 2069 186 2119 git
220 2068 370 2121 fixam,
407 2072 649 2122 notabilem,
681 2082 781 2128 quae
818 2085 1013 2129 pet-petuo
1049 2072 1089 2112 in
1125 2072 1293 2113 eodem
1304 2071 1399 2114 loco

128 2131 313 2175 haereat:
353 2145 442 2175 tum
480 2147 579 2177 vero
611 2140 786 2194 concipit
821 2140 942 2182 aliam
997 2136 1153 2179 stellam
1203 2147 1224 2177 a
1258 2136 1398 2190 pxiore

185 2198 310 2242 Tom.
320 2199 422 2242 XX.
435 2198 547 2244 Nou.
558 2198 724 2246 Comm.
990 2204 1006 2245 i
1294 2213 1396 2255 qua·
