2012 2724
557 207 654 256 464-
841 197 1199 247 SCHACALAE
1239 197 1534 245 fflSTORIA.

553 325 740 368 genum,
779 313 894 356 cuius
945 314 1158 369 descriptio
1202 323 1242 356 et
1294 315 1335 356 in
1379 313 1672 358 Commentariis
1721 318 1821 361 {iouis

552 378 848 434 Petropolitanis
880 377 985 421 Tom.
1021 380 1072 420 V.
1104 388 1144 420 et
1179 379 1220 420 in
1255 378 1433 431 Historia
1467 378 1686 435 Bzffoniana
1720 382 1822 426 Tom.

552 444 680 484 XIII.
716 443 858 484 tradita
891 444 976 495 est3
1008 453 1124 498 atque
1157 440 1328 495 Cot-sac,
1379 446 1532 486 animal
1582 446 1621 486 in
1672 449 1823 498 campis

555 508 602 548 ad
638 508 762 548 maris
802 507 925 561 caspii
958 509 1160 548 orientem
1212 509 1417 561 vulgare,
1471 510 1592 550 cuius
1630 511 1823 551 iuccimfta

551 570 843 613 determinatio
875 572 915 612 in
949 571 1168 625 systemate
1199 571 1388 615 Naturae
1421 571 1610 614 Linneano
1649 574 1821 615 editionis

548 633 788 677 duodecimae
819 638 998 678 occurrit
1017 669 1030 690 ‚
1060 637 1231 691 probant
1261 636 1349 680 hoc.
1414 640 1480 679 An
1513 639 1560 680 ad
1596 650 1727 679 vnum
1762 637 1824 677 al-

551 706 742 742 terumue
778 699 933 744 horum
968 700 1219 743 'animalium
1273 700 1442 743 nomina
1491 711 1606 743 antea
1667 699 1822 755 prolata

548 765 693 806 referti
726 765 915 817 debeant,
946 778 996 807 an
1028 766 1211 808 distineca
1244 765 1308 806 his
1341 764 1487 809 adfinia
1522 766 1714 807 animalia
1749 766 1818 806 de-

552 837 732 880 notent,
771 830 921 871 merito
963 831 1099 884 quaeri
1151 827 1314 884 potest?
1366 830 1600 884 Eademque
1650 831 1825 884 quaestio

550 890 657 933 circa
691 891 883 933 animalia
925 895 1178 942 americana,
1226 892 1394 936 Goschis
1442 896 1505 935 seu
1558 892 1738 948 Gosques
1785 901 1825 932 et

547 953 656 995 Alco
689 953 826 1003 dista,
875 957 1075 997 mouenda
1109 956 1176 996 est.
1260 956 1352 996 Nec
1385 959 1488 998 certi
1525 959 1621 1010 quid
1658 959 1824 1009 respon-

549 1016 640 1058 deri
675 1019 863 1071 poterit,
894 1029 1110 1074 antequam
1143 1014 1322 1072 Zoologi
1355 1021 1433 1062 rite
1485 1021 1592 1063 inter
1640 1021 1675 1062 se
1726 1020 1819 1062 hacc

550 1080 744 1124 animalia
777 1082 1043 1125 contulerint.

700 1208 858 1264 Quibus
892 1209 1082 1252 omnibus
1117 1206 1314 1264 perpensis
1348 1206 1451 1250 nihil
1484 1208 1662 1263 amplius
1707 1211 1825 1252 affir-

549 1283 663 1314 mare
698 1275 919 1326 audemus,
961 1287 1083 1328 quam
1134 1272 1287 1314 animal
1338 1272 1498 1321 hocce,
1549 1275 1655 1325 quod
1711 1275 1825 1315 nobis

548 1334 673 1378 Canis
708 1337 813 1381 farus
845 1337 932 1387 est,
965 1339 1005 1378 in
1038 1338 1155 1379 omni
1199 1335 1325 1377 Persia
1376 1346 1415 1377 et
1461 1334 1616 1377 Turcia
1667 1338 1824 1380 asmica

547 1399 791 1451 indigenum
816 1431 828 1452 ‚
871 1402 912 1441 in
948 1401 1233 1456 campestribus
1267 1401 1392 1442 rarius
1415 1430 1427 1450 ,
1477 1401 1520 1440 in
1559 1402 1824 1444 submontofis

547 1463 916 1517 frequentiffimum
940 1494 952 1515 ‚
998 1468 1057 1507 sed
1093 1479 1173 1507 non
1209 1463 1316 1505 vltra
1350 1464 1510 1509 Caucafi
1547 1465 1691 1517 iugum
1729 1469 1822 1521 sep-'

550 1529 795 1569 tentrionem
830 1531 966 1569 versus
1008 1530 1176 1571 obuium
1228 1528 1318 1568 effe.
1403 1530 1574 1578 Tamti,
1630 1527 1821 1583 Turcae,

552 1590 692 1632 Persae
726 1602 767 1633 et
804 1593 910 1634 Ruffi
947 1606 1019 1646 per
1059 1593 1300 1645 gubernium
1344 1593 1651 1635 Astrachanense
1703 1607 1822 1635 com-

551 1656 671 1695 muni
706 1658 874 1699 nomine
907 1656 1072 1699 Schacal
1104 1656 1313 1711 appellant
1346 1657 1497 1698 animal
1536 1654 1661 1699 hocce
1683 1688 1697 1708 ‚
1741 1671 1821 1699 vo-

548 1719 652 1760 cales
671 1732 698 1760 a
733 1721 844 1762 varie
873 1733 969 1762 cum
1012 1722 1026 1762 i
1054 1730 1095 1761 et
1120 1734 1142 1762 e
1172 1722 1382 1770 mutando,
1408 1731 1447 1761 et
1475 1720 1653 1761 litteram
1674 1722 1818 1760 initia-

551 1781 635 1822 lem
675 1783 826 1824 variter
865 1795 970 1826 nunc
1003 1785 1163 1835 lenius,
1198 1795 1303 1824 nunc
1337 1785 1523 1838 asperim,
1558 1784 1623 1824 vei
1650 1794 1694 1824 vt
1723 1783 1823 1833 Sch,

549 1845 618 1886 vel
651 1855 698 1886 vt
733 1845 770 1888 S
803 1846 976 1888 latinum
998 1879 1010 1899 ‚
1045 1849 1111 1889 vel
1149 1848 1274 1888 etiam
1310 1857 1354 1889 vt
1392 1847 1414 1888 Ι
1450 1846 1643 1900 gallicum
1665 1875 1677 1896 ‚
1710 1859 1817 1887 nun-

548 1921 674 1962 quam
707 1918 876 1960 autem‚
908 1921 1104 1965 quantum
1141 1911 1314 1960 scimus,
1363 1922 1409 1952 vt
1460 1911 1483 1952 Ι
1527 1913 1812 1964 germanicum

545 1973 609 2014 seu
646 1972 821 2015 latinum
861 1976 1190 2026 pronunciando;
1235 1974 1331 2016 hinc
1382 1976 1486 2016 male
1538 1977 1578 2016 in
1632 1974 1814 2016 versione

547 2039 781 2087 germanica
832 2038 1027 2092 Historiae
1085 2038 1325 2095 Blffmianae
1377 2039 1483 2081 Iacal
1533 2040 1680 2080 dicitur
1734 2040 1815 2080 hoc

548 2100 731 2153 animal,
765 2105 872 2155 quod
907 2106 960 2145 sat
993 2103 1102 2144 recte
1134 2105 1275 2157 gallice
1308 2103 1415 2144 Iacal
1450 2105 1510 2145 scu
1552 2102 1701 2145 Chacal
1742 2116 1815 2153 ap·

551 2163 751 2218 pellatum
784 2167 837 2209 est
869 2169 916 2210 ab
947 2169 1118 2211 auetore.
1185 2169 1296 2210 Hanc
1329 2167 1728 2215 denominationem,
1761 2176 1810 2206 vt

1715 2228 1812 2270 vul·
