2012 2724
569 213 684 267 ⁰»ssss
718 213 736 265 (
770 225 797 254 0
833 213 849 262 )
881 211 996 264 }·.03··
1360 226 1418 267 45

716 322 849 381 VII.

145 445 240 506 De
285 437 563 524 preffione
609 438 831 498 funium
877 440 1168 499 tensorum
1215 442 1271 500 in
1295 461 1418 501 cor-

135 548 275 612 pora
321 525 559 586 subiecta
604 545 921 605 eorumque
957 538 1174 585 motua
1199 524 1415 587 frictio-

229 634 303 675 ne
360 615 658 695 impedito,
764 613 1092 672 Dissertatio
1137 614 1328 673 altera.

283 746 554 808 Aqure
603 747 674 805 L.
719 747 938 806 Eulero
981 766 1108 826 pag.
1154 766 1277 822 327.

248 901 279 937 ic
312 893 380 937 Ill·
432 892 601 937 Eulerus
657 893 899 938 methodum
960 895 1083 937 tradit
1131 893 1422 948 simpliciorem

283 961 488 1013 magisque
522 959 718 1001 directam
766 960 842 1002 hoc
879 960 1031 1011 insigne
1078 960 1287 1015 problema
1339 970 1419 1001 tra·

135 1026 279 1067 citandi.
316 1026 426 1068 Cum
463 1027 573 1066 enim
611 1027 757 1067 solutio
790 1027 830 1066 in
867 1027 1120 1080 praecedente
1147 1024 1419 1068 dissertatione

137 1090 317 1142 exposita
355 1102 405 1130 ex
438 1089 598 1130 theoria
633 1083 963 1131 vniuers'alislima
1009 1102 1144 1131 motus
1195 1101 1417 1142 corporum

138 1163 220 1195 tam
260 1155 428 1209 perfecte
466 1153 710 1195 fl2xibilium
746 1166 868 1204 qua-m
911 1168 1117 1210 vtcunque
1163 1154 1422 1197 classicorum

79 1260 83 1269 ,
136 1221 305 1262 detinet-„1
339 1221 383 1260 ad
421 1219 614 1259 formulas
651 1219 763 1259 valde
798 1220 999 1261 intricatas
1035 1220 1295 1273 perduxisset,
1315 1231 1418 1272 quae

136 1294 275 1326 autem
337 1284 519 1338 deinceps
569 1283 902 1336 elegantissimam
959 1284 1238 1326 reductionem
1286 1283 1420 1335 passae·

138 1359 283 1400 erant,
319 1350 448 1391 statim
489 1349 590 1390 Viro
628 1349 694 1394 lli.
729 1350 859 1389 visum
897 1350 981 1399 est,
1017 1349 1140 1391 aliam
1173 1348 1255 1389 dari
1304 1348 1420 1389 viam

142 1414 269 1460 magis
301 1411 522 1453 naturalem
562 1416 769 1466 magi>que
802 1414 992 1455 directam
1024 1444 1035 1464 ‚
1076 1415 1190 1454 cuius
1224 1425 1300 1467 ope
1336 1411 1419 1452 fine

140 1477 264 1515 tantis
304 1477 536 1525 ambagibus
586 1480 750 1528 scopum
798 1488 986 1526 optatum
1040 1479 1240 1527 attingere
1292 1477 1424 1518 liceat.

141 1538 278 1593 Quem
319 1540 357 1578 in
394 1537 517 1580 finem
556 1537 755 1578 theoriam
792 1537 905 1577 illam
944 1540 1056 1591 prius
1093 1540 1141 1579 ad
1179 1539 1278 1578 hanc
1297 1551 1418 1591 quae-

141 1604 310 1644 stionem
357 1601 526 1653 propius
576 1604 962 1641 accommodandam
1016 1613 1137 1652 quam
1177 1601 1419 1643 solutionem

138 1667 234 1707 inde
266 1667 538 1706 deducendam
574 1666 650 1704 effe
686 1664 847 1704 iudicat.
884 1663 1120 1707 Constituto
1153 1676 1292 1706 autem
1326 1667 1420 1709 inde

138 1730 395 1771 theoremate
426 1726 533 1769 haud
568 1728 646 1771 late
684 1739 866 1780 patente,
899 1743 1027 1784 eoque
1062 1742 1114 1770 ex
1151 1730 1244 1783 ipsis
1278 1731 1415 1785 aequi-

137 1795 248 1836 librii
285 1795 495 1848 principiis
528 1793 815 1844 demonstrato,
847 1806 947 1848 quae
983 1802 1096 1835 antea
1130 1795 1300 1836 demum
1330 1795 1417 1850 post

140 1859 280 1915 plures
314 1859 509 1899 anfractus
547 1860 835 1900 obtinebantur
871 1859 1179 1911 conclusiones,
1228 1858 1294 1899 hic
1347 1860 1415 1901 la-

139 1924 234 1965 bore
268 1922 375 1962 haud
408 1927 577 1976 operoso
612 1926 905 1966 nanciscuntur.
987 1925 1096 1980 Quin
1146 1923 1267 1965 etiarn
1323 1923 1420 1966 hinc

143 1999 316 2035 motus,
349 1998 435 2039 quo
484 1989 585 2028 funis
636 1990 749 2042 super
803 1989 996 2040 cylindro
1047 1988 1335 2043 protrahitur,
1387 1986 1418 2030 fi

142 2052 356 2092 discrimen
390 2052 492 2090 inter
525 2053 632 2093 binas
666 2065 774 2094 vires
806 2054 841 2093 ei
881 2054 1100 2107 applicatas
1124 2055 1255 2094 maior
1283 2053 1422 2102 suerit,

144 2127 270 2168 quarn
332 2125 377 2154 vt
426 2116 715 2167 aequilibrium
769 2115 975 2160 consistere
1012 2117 1159 2172 possit,
1192 2118 1421 2160 accuratius

142 2179 414 2222 determinare
447 2178 576 2235 licet,
609 2194 733 2237 quam
769 2194 860 2224 ante
901 2182 1051 2226 sactum
1103 2185 1230 2226 fuerat
1252 2211 1264 2235 ,
1312 2184 1417 2222 dum

752 2250 774 2290 f
799 2257 825 2296 3
1259 2245 1420 2289 frictio*
