2012 2724
436 155 501 199 ιΝ
546 153 679 200 coni
696 155 814 197 oim
846 156 900 197 si
920 155 1152 201 mecm.
1338 173 1426 210 325

162 270 211 311 ob
229 271 341 312 e‘“:
357 282 411 319 27
432 272 607 319 circiter,
631 269 782 309 limites
818 270 1047 322 aequilibrii
1083 281 1204 312 erunt
1230 284 1283 323 27
1314 283 1352 313 et
1385 278 1432 325 ἧς

164 335 217 375 iti
254 346 299 376 vt
335 338 528 390 quamdiu
566 334 693 374 maius
728 332 882 385 pondus
922 333 967 375 Μ
1005 348 1085 375 uon
1121 336 1209 388 pius
1228 349 1348 390 quam
1375 349 1431 383 27

160 399 315 439 vicibus
351 402 507 452 superet
543 399 697 446 minus,
733 397 836 436 funis
875 398 914 437 iu
950 399 1085 451 quiete
1118 399 1165 440 sit
1201 403 1431 453 mansurus;

162 473 201 502 at
237 463 261 503 si
299 467 409 518 super
442 473 579 503 arcum
617 461 654 500 A
681 459 768 500 ΕΒ
801 464 896 501 duas
931 463 1101 513 integras
1153 466 1431 506 reuolutioues

159 526 382 578 conficiat,
415 536 460 565 vt
492 525 537 565 fit
573 520 702 570 015
725 537 773 573 π,
808 525 960 565 limites
995 537 1115 567 erunt
1156 542 1241 578 243
1280 540 1321 569 et
1356 533 1433 580 ³2³²

159 592 358 632 accedente
393 588 543 629 scilicet
579 600 652 628 vna
689 589 945 631 reuolutione
982 590 1153 642 integra,
1200 590 1238 631 hi
1278 592 1429 634 limites

158 654 476 695 euadentnouies
498 653 667 693 maiores
701 664 740 693 et
777 655 966 694 minores.
1010 656 1125 696 Vnde
1162 655 1424 709 intelligitur,

156 717 359 770 quomodo
392 717 443 758 ob
477 717 709 759 fruitionem
743 719 980 760 maximum
1015 719 1172 775 pondus
1202 733 1224 762 a
1246 722 1426 763 minimo

157 781 197 819 in
233 780 367 833 quiete
402 782 551 822 seruari
587 783 715 835 possit.

297 855 327 903 ξ.
369 867 438 904 27.
481 854 620 908 Neque
656 867 753 895 vero
785 865 888 907 opus
922 854 973 895 est
1009 865 1053 895 Vt
1087 852 1215 905 figura
1242 853 1423 895 sec'tionis
1450 851 1536 910 Tf1b-
1568 857 1607 890 V.

147 917 194 958 sit
231 918 271 958 in
308 922 344 959 ie
379 918 566 967 rediens;
602 918 659 958 st‘d
695 918 843 958 solutio
893 918 1053 958 inuenta
1105 927 1229 968 aeque
1279 917 1419 959 locum
1450 905 1520 951 ¹³¹3·
1551 917 1582 950 ⁵·

145 981 330 1032 habebit,
366 982 393 1022 si
432 984 534 1024 funis
572 994 643 1034 per
676 993 801 1032 gyros
835 993 1097 1035 quotcunque
1153 978 1422 1023 fiueconti-

147 1059 231 1088 nuo
265 1048 434 1089 maiores
471 1047 554 1088 siue
592 1047 767 1087 minores
802 1046 1144 1100 circumplicetur
1166 1076 1177 1097 ,
1220 1048 1418 1100 quoniam

140 1122 274 1152 totum
318 1113 532 1163 negotium
574 1110 613 1149 in
668 1111 936 1162 ampiitudine
988 1121 1101 1150 arcus
1148 1122 1270 1162 quem
1327 1123 1418 1151 am-

140 1175 332 1231 pleffitur
382 1175 562 1216 consistit.
676 1171 843 1213 Scilicet
906 1172 935 1212 ss
997 1175 1104 1215 funis
1161 1185 1233 1226 per
1291 1185 1416 1225 gyros

140 1243 176 1281 Α
199 1241 236 1281 Ε
259 1241 287 1280 F
307 1237 347 1281 G
367 1239 438 1279 HI
462 1239 496 1280 Ι(
520 1238 551 1279 Β
602 1236 928 1278 circumducatur
965 1268 976 1288 ‚
1028 1245 1248 1290 antequam
1298 1238 1414 1280 alteri

143 1305 321 1344 termino
356 1305 395 1343 in
436 1303 471 1343 B
505 1299 660 1356 pondus
697 1300 737 1341 N
773 1303 1052 1356 appendatur,
1102 1303 1296 1354 quoniam
1344 1301 1419 1343 hio

140 1366 332 1408 habentur
380 1368 459 1408 duo
509 1365 602 1418 gyri
657 1365 801 1416 integri
851 1377 944 1406 cum
980 1367 1153 1414 semisse,
1188 1366 1243 1406 ita
1280 1375 1326 1405 vt
1363 1365 1414 1407 fit

144 1428 230 1472 0:
256 1443 276 1479 5
304 1444 351 1481 π,
388 1431 519 1471 maius
558 1430 710 1484 pondus
747 1428 794 1470 M
842 1431 890 1471 ad
926 1432 1062 1470 minus
1112 1428 1156 1469 N
1208 1430 1410 1471 rationem

136 1504 269 1536 tenere
307 1496 486 1547 poterit,
521 1504 566 1534 vt
608 1505 727 1542 243:
757 1508 772 1533 1
800 1523 812 1544 ,
862 1504 1076 1548 antequam
1133 1503 1271 1534 motus
1306 1495 1408 1535 inci-

141 1559 255 1611 piat:
289 1571 414 1611 neque
452 1558 516 1600 hic
552 1559 660 1598 casus
695 1569 714 1596 a
750 1560 1008 1610 praecedente
1057 1559 1280 1611 discrepat,
1333 1557 1407 1598 nist

133 1625 239 1674 quod
278 1625 452 1664 minores
483 1622 578 1675 gyri
614 1633 633 1659 a
685 1622 776 1660 fune
821 1623 1020 1662 maiorem
1057 1622 1298 1676 preffionem
1337 1622 1408 1662 su·-

132 1687 301 1728 siineant
335 1699 457 1740 quam
495 1687 694 1735 maiores,
735 1697 809 1737 pro
860 1687 1020 1740 paribus
1070 1686 1261 1726 videlicet
1311 1697 1404 1725 am-

133 1749 424 1802 plitudinibus,
478 1748 802 1805 quandoquidem
839 1749 1323 1806 vidimnssprcffionem
1363 1750 1404 1792 in

131 1829 275 1879 quouis
309 1829 396 1869 loco
428 1828 500 1867 esse
534 1837 582 1863 z
603 1810 634 1876 ἕ
655 1815 782 1865 ε-Μ.

1118 1895 1127 1910 1

281 1922 314 1969 §.
353 1927 422 1962 28.
461 1922 613 1963 Verum
651 1922 677 1964 si
714 1923 836 1964 fuerit
890 1923 935 1965 M
963 1923 1005 1972 >
1032 1921 1070 1963 N
1092 1886 1194 1969 εἶθ,
1228 1929 1316 1960 turn
1340 1921 1401 1959 fu-

133 1985 193 2025 nis
227 1995 306 2024 non
339 1984 515 2038 amplius
552 1987 727 2028 mauebit
764 1990 803 2028 in
838 1989 1004 2039 quiete,
1055 1987 1115 2025 sed
1169 1996 1189 2022 a
1241 1983 1399 2022 maiore

129 2049 303 2101 pondere
337 2050 521 2089 deorsum
557 2049 772 2102 trahetur3
806 2062 927 2103 quem
964 2059 1125 2089 motum
1162 2046 1269 2086 haud
1290 2046 1397 2088 diffi-

127 2113 258 2155 culter
308 2114 486 2169 lequeuti
537 2117 662 2157 modo
706 2115 875 2156 definire
907 2115 1144 2170 poterimus,
1187 2111 1395 2218 Siltnenilrg

675 2177 737 2220 Ss
772 2192 795 2230 3
1286 2188 1334 2218 ῖ-
