2012 2724
450 208 530 254 DE
565 204 891 252 FORAmiNE
930 201 1134 252 ovALi.·
1337 216 1430 263 389

156 327 237 368 rius
271 336 380 366 arcus
414 321 504 376 (x.)
539 333 579 364 et
613 320 811 373 angulum
852 320 1109 373 posteriorem
1147 325 1210 365 seu
1239 323 1433 368 dextrum

155 388 256 445 (p.)
291 391 522 433 continetur
550 387 635 442 (w.
656 381 690 443 )
761 386 886 426 Paulo
919 388 1079 427 breuior
1134 389 1299 429 inferior
1352 392 1437 445 est,

154 457 223 510 qui
260 456 419 508 oblique
454 452 704 495 dextrorsum
744 462 794 490 ex
828 452 981 503 pariete
1013 454 1160 492 dextro
1197 457 1327 496 trunci
1364 469 1435 498 vs-

155 532 232 573 que
269 531 313 560 ad
350 531 464 560 oram
501 516 737 555 inferiorem
773 513 924 555 orificii
958 517 1139 558 extremi
1189 518 1305 570 (q.)
1358 523 1434 562 ad-

152 585 313 627 scendit.
380 582 579 624 Antenor
615 591 753 621 autem
789 590 829 622 et
869 582 1046 636 luperior
1079 582 1304 624 breuillimi
1326 588 1426 627 lunt.

305 711 337 760 §.
364 715 432 753 28.
458 709 610 752 Ramus
632 712 780 755 sinister
801 725 922 755 venae
944 725 1068 755 cauae
1098 712 1316 766 inferioris,
1334 728 1428 769 qua·
1446 717 1568 751 Ramus
1596 715 1638 752 fl-

153 789 266 822 tenus
285 788 449 817 externe
470 789 652 830 apparet,
675 781 819 820 dextro
845 780 1006 820 breuior
1033 780 1086 820 est
1112 780 1208 831 (fig.
1228 774 1274 825 6,
1292 792 1331 820 x.
1347 781 1428 834 χ),
1445 766 1543 812 nister
1561 769 1590 801 ³¹³
1606 770 1652 803 vi-

149 842 249 885 Non
288 844 424 882 minor
460 853 598 882 autern
634 846 718 883 eius
755 857 841 895 pars
880 847 917 883 iu
953 855 1072 884 carne
1115 843 1222 883 finus
1278 845 1421 886 sinistri

1414 848 1419 853 .
1445 817 1514 852 tulo
1531 827 1565 852 et
1578 819 1651 853 val-

1446 868 1517 902 vula
1553 868 1635 904 finus

147 904 318 956 haeret,
349 917 389 946 et
424 907 596 959 denique
631 907 800 947 valuula
836 906 940 948 finus
976 906 1118 947 sinistri
1154 906 1249 958 ipsa,
1283 910 1428 948 tubum
1449 916 1574 954 finistri.

146 971 246 1012 dum
284 973 438 1019 refert,
468 970 636 1011 orificio
669 982 858 1011 extremo
899 971 1004 1010 rami
1057 968 1201 1010 sinistri
1256 971 1432 1012 insiden—
1449 967 1647 1006 Talell·

146 1044 263 1086 tem,
295 1033 428 1077 adhuc
472 1036 688 1077 notabilem
744 1046 901 1089 partem
960 1032 1056 1074 huic
1103 1033 1232 1075 canali
1288 1038 1397 1078 addit
1424 1068 1435 1088 ‚

144 1103 275 1150 adeo,
313 1111 391 1152 vt,
425 1100 451 1140 sa
489 1101 707 1142 lecundum
742 1099 1042 1152 longitudinem
1082 1110 1224 1140 ramus
1274 1099 1424 1143 sinister

142 1165 351 1207 dissecetur
373 1192 385 1214 ,
418 1176 463 1205 vt
497 1168 584 1204 eins
616 1163 919 1215 longitudinem
957 1175 1010 1203 ex
1044 1165 1142 1204 facie
1178 1164 1335 1206 interna
1363 1178 1432 1207 ae-

144 1229 311 1278 stimes;
353 1228 513 1268 etiamsi
571 1227 783 1267 valuulam
855 1240 934 1268 non
989 1238 1242 1281 compute53
1291 1241 1429 1272 tamen

144 1292 301 1345 aliquot
336 1289 468 1333 lineae
505 1291 777 1344 longitudinis
811 1303 928 1332 ramo
984 1290 1055 1345 ipsi
1092 1295 1280 1346 propriae
1315 1293 1424 1346 sint3

145 1357 175 1399 fi
214 1356 421 1396 valuulam
460 1357 781 1411 comprehendas
807 1391 820 1410 .‚
855 1358 918 1397 sex
950 1355 1071 1397 lineas
1105 1356 1217 1398 facile
1251 1359 1426 1412 superet.

144 1420 331 1461 Valuula
369 1420 477 1463 sinus
513 1421 652 1464 sinistri
691 1423 732 1462 in
768 1422 944 1472 vitulis,
996 1430 1044 1461 vt
1100 1422 1232 1474 vulgo
1291 1424 1427 1465 haberi

145 1483 328 1541 possunt,
362 1487 428 1527 sex
465 1487 703 1541 septimanas
723 1487 969 1540 plerumque
989 1487 1287 1535 excedentibus,
1309 1489 1425 1530 valde

144 1552 226 1594 ium
265 1550 473 1592 constricta
509 1551 590 1605 (m.
625 1564 672 1593 m.
703 1560 741 1607 p.
774 1557 847 1603 s.)
872 1579 884 1599 ,
931 1548 1082 1591 canalis
1125 1553 1311 1604 angustus
1333 1582 1346 1603 ,
1379 1561 1422 1593 et

144 1615 355 1657 orificium
393 1617 480 1657 eius
514 1629 750 1658 extremum
788 1617 900 1666 (t.)
931 1614 1000 1657 vel
1035 1614 1213 1657 clausum
1252 1617 1318 1658 vel
1341 1616 1430 1657 mi-

144 1680 310 1722 nimum
345 1680 418 1722 effe
453 1680 559 1723 solet.
628 1680 802 1722 Valuuia
837 1692 975 1721 autem
1012 1681 1173 1722 craffior
1206 1695 1287 1733 eo,
1333 1693 1422 1723 car-

145 1748 236 1785 noia
276 1747 406 1797 magis
439 1757 479 1788 et
514 1747 684 1798 rigidior
721 1747 788 1788 est.
874 1748 921 1786 In
977 1746 1115 1787 vitulo
1150 1757 1282 1788 tamen
1305 1775 1316 1796 ,
1351 1744 1423 1799 qui

145 1809 325 1849 nondum
364 1812 628 1864 respirauerat
650 1843 662 1862 ‚
698 1812 740 1852 in
781 1812 868 1866 ipso
901 1809 978 1851 illo
1013 1811 1270 1862 monstrolo,
1307 1811 1424 1852 cuius

142 1872 452 1923 descriptionem
490 1877 628 1917 Torno
662 1874 815 1916 horum
842 1875 1251 1917 Commentariorum
1275 1875 1422 1918 XVII.

141 1936 325 1990 insen-ing,
377 1939 415 1977 in
451 1942 568 1979 cuius
621 1943 741 1983 corde
797 1951 964 1991 tamen,
1013 1940 1041 1981 si
1096 1942 1420 1992 magnitudinsm

139 2012 343 2054 exceperis
373 2032 386 2053 ,
415 2004 519 2043 nihil
555 2015 709 2057 praeter
746 2017 933 2046 naturam
969 2016 1055 2045 erat
1077 2033 1089 2053 ‚
1134 2004 1235 2044 hanc
1275 2003 1425 2043 valun-

141 2064 224 2106 lam
262 2066 390 2120 reperi
427 2075 590 2108 tenuem
613 2097 625 2118 ‚
663 2069 906 2121 pellucidam
929 2095 940 2117 ‚
997 2079 1188 2118 magnam
1235 2077 1274 2107 et
1330 2066 1426 2120 pul·

139 2129 388 2171 cherrimam
409 2164 419 2182 ‚
454 2144 552 2184 quae
586 2132 733 2184 quippe
778 2137 920 2174 tubum
979 2135 1175 2182 referret,
1234 2131 1422 2184 pollicem

140 2196 221 2237 fere
255 2197 427 2250 longum
451 2225 463 2247 ,
495 2196 587 2252 plus
620 2208 742 2250 quam
779 2199 998 2239 dimidium
1035 2194 1166 2236 latum
1196 2224 1208 2247 ,
1241 2208 1421 2249 eumque

676 2314 679 2315 ⁷
719 2260 755 2302 C
777 2275 797 2303 c
818 2275 838 2302 c
878 2276 904 2314 3
1315 2263 1424 2303 inte·-

1471 1020 1545 1065 big.
1572 1024 1606 1053 6.

1467 1745 1532 1798 Fig'
1570 1760 1606 1792 7.
