2012 2724
412 219 494 265 DE
526 216 851 264 FORAMINE
890 215 1094 261 oVALr.
1297 230 1388 272 399

117 336 279 379 cludere
318 331 422 387 posse
444 362 456 384 ,
490 332 601 374 saluo
631 330 793 373 orificio
828 330 994 381 finistro,
1032 332 1080 374 ad
1114 332 1218 387 quod
1239 332 1394 386 nullus,

118 401 191 443 nifi
229 412 296 454 per
336 399 466 451 ipsum
505 399 607 440 illud
643 397 834 438 dextrum
870 396 1079 439 orificium
1117 409 1168 438 ex
1207 399 1388 440 auricula

119 476 160 506 et
195 465 279 506 smu
315 464 461 504 dextro
491 464 616 503 aditus
650 470 789 514 patct;
823 470 958 501 tamen
997 461 1114 502 nullo
1151 470 1273 503 modo
1306 466 1392 505 san-

120 532 209 582 guis
241 541 290 570 ex
327 528 410 568 smu
445 531 589 569 dextro
623 536 692 578 per
729 524 806 566 hoe
842 524 1052 566 orificium
1096 527 1137 566 in
1190 526 1392 569 smistrum

119 596 262 637 venire
299 592 432 645 potest.
496 588 667 631 Necesse
700 591 812 630 enim
863 590 954 642 est,
1000 600 1049 633 vt
1100 591 1267 643 effugmt
1321 605 1391 645 per

118 658 195 700 hoc
229 656 433 699 orificium
470 653 627 705 sanguis
662 655 744 710 ipsa
778 656 978 697 auriculae
1009 667 1054 697 et
1097 654 1202 697 finus
1258 658 1392 699 dextri

119 726 164 765 vi
201 721 352 777 pulsus3
388 730 487 770 ergo
522 729 708 775 tempore
742 721 912 772 systolis.
992 721 1068 763 Sed
1111 721 1256 761 eodem
1311 721 1392 763 hoc

120 796 299 840 tempore
334 783 459 823 etiam
497 783 602 824 finus
638 785 791 826 finister
826 785 867 825 in
911 785 1054 836 systole
1087 785 1170 834 est,
1220 795 1261 827 et
1313 788 1396 828 san·

116 850 272 903 guine‚
308 858 433 901 quem
466 851 710 901 comprimit
732 881 747 901 ‚
792 861 996 904 quemque
1030 849 1237 902 expellere
1269 862 1398 891 cona-

119 924 220 964 tur,
269 912 459 967 repletus.
529 913 654 954 Nihil
706 913 819 953 vltro
871 924 973 963 ergo
1022 913 1201 965 recipere
1255 914 1396 966 potest.

115 974 302 1025 Omitto,
322 978 427 1028 quod
461 979 602 1018 eodem
639 976 715 1019 hoc
752 976 952 1029 temporis
988 985 1201 1017 momento
1233 975 1398 1018 valuula

114 1041 221 1084 smus
260 1041 400 1083 finistri
426 1072 438 1092 ,
475 1042 522 1081 ab
562 1052 734 1094 vrgente
768 1040 957 1092 sanguine
1006 1040 1113 1082 smus
1147 1040 1294 1084 fimstri
1345 1041 1397 1083 ad

114 1107 273 1159 septum
308 1105 546 1159 compulsa,
581 1105 793 1148 orificium
846 1104 1051 1147 finistrum
1104 1104 1267 1147 claudat
1292 1137 1304 1159 ,
1354 1116 1397 1148 et

114 1184 239 1225 aeque
277 1173 415 1213 minus
449 1172 666 1222 quidquam
704 1172 853 1210 intrare
887 1182 930 1210 ac
963 1170 1074 1210 exire
1109 1170 1224 1213 finnt.
1305 1169 1396 1213 Nec

115 1237 341 1290 quidquam
378 1234 459 1273 huc
497 1236 624 1274 facere
658 1233 795 1281 vides,
828 1234 933 1287 quod
968 1233 1273 1286 dicunt‚s1nurn
1290 1235 1396 1276 dex-

117 1309 232 1341 trum·
285 1299 489 1338 maiorem
540 1297 614 1337 effe
667 1297 850 1347 finistro„
900 1298 1076 1352 adeoque
1131 1298 1175 1339 vi
1218 1298 1396 1340 vincere.

116 1363 294 1419 Quando
323 1364 438 1403 enim
471 1364 642 1416 proprio
670 1361 746 1403 suo
774 1362 968 1414 sanguine
1007 1363 1165 1403 finister
1210 1362 1394 1417 repletus

116 1431 202 1479 est,
238 1426 345 1466 nihil¹
380 1427 499 1467 vltro
530 1429 711 1482 recipere
741 1427 900 1481 potest,
928 1425 1014 1468 fiue
1045 1427 1182 1468 maim-
1212 1426 1298 1467 s1ue
1316 1427 1398 1468 mi-

117 1506 194 1533 nor
225 1493 347 1531 fuerit
380 1493 554 1543 dexter,
587 1493 658 1545 qui
712 1492 950 1543 sanguinem
1003 1491 1127 1532 snum
1177 1491 1224 1532 fn
1270 1491 1400 1533 illurn

116 1557 324 1597 intrudere
354 1567 538 1600 conatur.
603 1556 768 1597 Omitto
799 1553 865 1596 hic
900 1556 1066 1596 rursum
1087 1587 1100 1608 ,
1127 1556 1236 1611 quod
1290 1557 1399 1597 vires

115 1620 281 1662 finuum·
317 1633 399 1661 non
435 1621 482 1661 ab
514 1632 659 1661 eorum·
692 1620 925 1671 capacitate,
944 1621 1002 1662 sed
1036 1632 1056 1660 a
1093 1623 1234 1663 robore
1270 1619 1397 1661 fibra-

115 1696 213 1725 rum
252 1685 475 1739 pendeant‚
505 1686 652 1739 quibus
677 1685 884 1736 gaudent,
917 1695 957 1726 et
1006 1697 1107 1738 quae
1156 1688 1199 1728 in
1245 1685 1397 1728 dextro

115 1760 199 1791 non*
231 1748 447 1792 validiores
468 1780 485 1800 ,
513 1763 634 1805 quam
669 1749 715 1791 in
746 1747 902 1792 sinistro
934 1750 1042 1792 sunt.

265 1879 298 1927 §-
323 1891 392 1928 37.
425 1878 499 1922 Sed
519 1879 561 1920 id
578 1878 728 1933 velim,
747 1879 814 1923 hic
843 1892 940 1925 ante
967 1881 1110 1923 omm'a
1144 1891 1278 1926 notes:
1308 1895 1389 1925 non
1405 1881 1601 1923 Tranfftum'

114 1940 224 1990 Μεθ’
240 1944 346 1993 quod
366 1944 526 1985 nullum
546 1945 722 1988 foramen
740 1951 1155 1989 communicatorium
1176 1952 1291 1990 detur
1325 1951 1387 1988 in·
1406 1934 1584 1994 sanguinis.

117 2015 179 2046 ‘e‘
217 2015 436 2059 vtrumque
470 2008 631 2061 smum,
651 2013 837 2067 quodque
877 2011 955 2053 hoc
984 2023 1173 2065 putatum
1205 2014 1387 2053 foramen
1405 1998 1546 2072 2¹²2&ng
1574 1998 1611 2072 ’ἐξ

115 2069 328 2111 orificmm
353 2074 485 2124 potius
505 2072 551 2114 fi't
571 2085 691 2115 venae
706 2088 842 2127 cauae,
860 2079 965 2118 inter
989 2089 1130 2117 venam
1155 2074 1255 2117 hanc
1278 2087 1316 2115 et
1337 2074 1382 2115 sl-
1408 2099 1488 2122 num
1516 2091 1583 2122 im-

118 2146 216 2173 num
241 2135 462 2185 smistrum,
494 2149 573 2176 non
601 2141 705 2180 inter
734 2142 867 2182 finum
901 2142 1102 2182 sinistrum
1132 2150 1173 2180 et
1199 2144 1389 2182 dextrum
1407 2139 1590 2185 pmhbnlem

114 2209 375 2254 contentum;
394 2214 474 2245 non
496 2201 586 2244 ideo
604 2203 705 2258 dico,
725 2205 813 2249 fieri
833 2220 914 2249 non
936 2205 1060 2262 poffe,
1082 2215 1129 2245 vt
1157 2206 1315 2259 sanguis
1343 2216 1391 2244 ex
1405 2186 1469 2222 effe
1502 2189 1560 2223 de-

1252 2272 1399 2312 ἀφίῃ-ο
1412 2240 1584 2290 monstra-⁴
