2012 2724
565 216 681 270 »5223
715 215 735 270 (
770 230 795 257 0
831 220 848 268 )
883 215 997 270 &20⁶3-
1365 236 1417 276 19

136 329 166 373 si
203 329 402 384 proposita
437 329 559 372 fuerit
595 331 661 373 ista
697 331 869 385 quaestio
891 361 902 382 ,
954 338 1001 372 vt
1042 342 1096 373 ex
1135 330 1237 374 datis
1289 332 1418 378 tribus

136 395 396 450 quadrilateri
432 396 618 436 lateribus
650 406 690 436 et
723 397 875 436 duobus
913 398 1087 448 angulis,
1105 398 1174 451 qui
1209 398 1298 439 bina
1335 398 1413 441 ho-

137 471 230 502 rum
266 460 441 501 laterum
478 461 714 502 interiacent
736 488 747 509 ‚
777 472 991 513 quaeratur
1027 462 1237 515 reliquum
1274 465 1414 516 latus,-

137 533 227 563 tum
264 526 378 564 facile
415 525 581 577 quidem
620 526 832 567 inuenitur
865 524 1051 579 aequatio
1096 526 1282 567 valorem
1338 528 1417 568 hu-

134 588 197 628 ius
233 587 397 638 lateris,
432 601 502 642 per
533 591 621 631 data
658 589 783 630 latera
823 600 862 630 et
898 589 1068 641 angulos
1118 591 1229 631 datos
1278 594 1417 645 expri-

136 664 284 703 mens,
320 666 466 694 verum
503 665 632 707 quum
670 653 739 693 illa
774 653 975 706 expressio
1008 666 1059 693 ex
1096 656 1218 695 nimis
1273 667 1423 709 magno

138 719 414 758 terminorum
455 729 627 757 numero
663 716 712 756 sit
745 716 969 768 composita
991 747 1003 767 ,
1048 718 1086 756 in
1122 731 1171 759 eo
1214 719 1422 762 elaboran-

136 781 235 820 dum
273 781 381 831 fuit,
416 791 463 820 vt
499 791 601 821 noua
644 780 816 833 quadam
871 780 1104 832 quantitate
1159 782 1420 839 introducta,

133 844 283 885 solutio
318 845 363 884 ad
397 844 700 885 concinniorem
738 845 913 884 formam
951 846 1221 888 reduceretur.
1333 891 1335 893 ¹

290 908 452 949 Notum
480 909 535 950 est
571 909 610 948 in
651 908 892 949 resolutione
930 909 1230 960 triangulorum
1254 937 1267 960 ,
1309 910 1419 953 solu-

134 971 266 1014 tiones
320 985 610 1028 nonnunquam
665 973 754 1013 inde
805 971 891 1014 fieri
958 973 1259 1026 elegantiores,
1313 978 1421 1030 quod

134 1036 270 1092 plures
308 1048 436 1092 partes
474 1036 703 1088 incognitae
739 1036 936 1089 trianguli
976 1037 1101 1079 fimul
1137 1051 1414 1093 quaerantur;
1456 1032 1458 1034 V

134 1101 188 1142 stc
212 1116 286 1155 pro
319 1101 656 1155 quadrilateribus
690 1112 848 1155 quoque
869 1115 1154 1155 nonnunquam
1176 1105 1345 1159 praestat
1363 1116 1418 1146 ex

133 1165 446 1218 iisdemdatis,
499 1170 636 1221 plures
691 1178 820 1221 partes
870 1167 1138 1220 quadrilateri
1195 1171 1417 1221 incognitas

134 1229 258 1271 fimul
299 1243 505 1283 quaerere,
538 1243 658 1286 quam
697 1243 1029 1285 vnamquamque
1064 1231 1223 1274 seorsim
1258 1234 1419 1274 inuesti-

133 1306 260 1347 gare3
308 1298 358 1336 ita
398 1296 423 1336 si
475 1297 563 1337 data
618 1297 770 1337 fuerint
823 1297 898 1336 tria
949 1297 1071 1337 latera
1125 1297 1418 1348 quadrilateri,

131 1370 224 1398 cum
259 1360 418 1412 angulis
455 1361 557 1403 inter
594 1362 680 1402 bina
725 1361 1083 1412 interiacentibus,
1135 1362 1221 1403 bini
1267 1363 1417 1417 reliqui

132 1423 272 1472 anguli
307 1426 441 1465 eadem
476 1437 597 1478 opera
646 1426 881 1475 inuestigari
938 1426 1095 1478 poss‘unt
1134 1457 1145 1476 ,
1193 1429 1421 1476 quaerendo

131 1484 423 1537 expressionem
467 1501 541 1539 pro
574 1500 720 1526 eorum
771 1487 1026 1536 dzffe-rentia,
1075 1494 1227 1540 quippe
1276 1501 1411 1542 quum

133 1559 277 1588 eorum
316 1549 471 1589 summa
509 1552 588 1588 iam
628 1561 698 1600 per
732 1549 841 1588 datos
884 1552 1055 1599 angulus
1106 1552 1418 1596 determinetur.

130 1609 290 1662 Operae
325 1614 455 1662 igitur
488 1614 663 1663 pretium
700 1622 858 1663 quoque
893 1612 967 1651 effe
1001 1614 1122 1654 duxit
1158 1613 1223 1657 Cl.
1255 1616 1414 1658 Auctor

131 1675 387 1716 Problemata
422 1688 475 1716 ex
505 1674 581 1718 hoc
611 1686 756 1727 genere
789 1677 961 1717 oriunda
1013 1677 1205 1721 euoluere
1252 1691 1294 1721 et
1336 1693 1412 1722 ex·

129 1739 299 1794 plicare.

284 1806 398 1845 Tum
436 1817 536 1846 vero
571 1815 619 1846 vt
652 1817 697 1847 ea
733 1802 1167 1861 illustrarentur.quae
1203 1809 1243 1849 in
1288 1808 1417 1863 priori

130 1866 421 1910 Dissertatione
458 1871 652 1911 docuerat
689 1870 733 1910 de
769 1869 1015 1914 resolutione
1073 1875 1378 1925 Polygonorum
1405 1906 1417 1925 ‚

129 1943 331 1985 quatenus
368 1934 564 1986 respeeius
609 1946 767 1988 quoque
805 1934 972 1977 habetur
1008 1939 1054 1978 ad
1090 1936 1316 1989 diagonales
1351 1939 1418 1978 vel

128 1997 307 2047 angulos
342 1996 512 2037 laterum
549 2010 643 2040 cum
680 2000 991 2051 diagonalibus,
1024 2015 1099 2055 pro
1142 2001 1415 2054 quadrilatero

130 2062 375 2100 tradendam
438 2064 589 2104 censuit
644 2066 992 2106 enumerationem
1049 2077 1189 2106 earum
1245 2066 1419 2107 solutio-

127 2136 229 2164 num
270 2156 280 2175 ,
316 2135 413 2174 quae
449 2123 585 2168 locum
633 2127 813 2176 habent,
869 2131 967 2169 dum
1023 2129 1244 2181 diagonalis
1299 2142 1422 2183 quae·

126 2188 217 2229 dam
269 2187 563 2244 quadril-atesi,
614 2191 682 2234 vel
716 2192 855 2242 anguli
893 2193 1118 2248 diagonalis
1151 2207 1245 2237 cum
1282 2193 1426 2234 lateri·

750 2268 768 2294 c
810 2270 833 2295 2
1353 2260 1422 2299 bus
