2012 2724
548 196 641 244 ,με
849 188 930 229 DE
967 183 1288 229 FORAMINE
1320 185 1518 230 ovium

606 305 630 345 i.
669 300 845 342 Valuula
880 300 1054 341 anterior
1080 329 1091 350 ,
1122 298 1154 339 k.
1196 298 1422 353 posterior,
1461 299 1484 340 I.
1519 300 1633 354 septi.

610 378 661 406 m.
703 367 810 405 Vena
845 373 942 403 caua
979 363 1157 404 inferior.

608 441 640 469 n.
661 439 690 467 ο.
704 435 746 481 p.
765 439 800 479 q.
833 423 1057 467 Orificium
1093 428 1286 468 dextrum
1323 438 1445 468 venae
1478 438 1596 469 cauae
1646 428 1813 474 inferio-

691 492 746 532 ris
776 491 1021 542 angulatum
1054 492 1084 538 ξ.
1125 504 1197 541 23.
1233 491 1362 531 limbo
1396 491 1647 532 instructum.

607 566 643 593 n.
680 554 870 607 Angulus
910 554 1070 596 sinister.
1153 568 1184 596 0.
1226 553 1312 597 Ora
1362 555 1572 607 superior,
1623 568 1722 609 quae
1759 558 1814 598 ‘in

698 620 869 660 homine
902 619 950 659 ab
983 631 1074 660 arc-u
1111 619 1326 659 formatur.
1404 626 1443 672 p.
1488 619 1678 668 Anguius
1711 620 1817 662 dex-

699 694 774 723 ter.
843 695 879 734 q.
914 683 999 724 Ora
1037 684 1200 724 inferior
1225 717 1236 736 ‚
1272 683 1364 723 loco
1401 680 1586 722 xaluulae
1617 676 1818 729 EVSTA-

692 756 802 791 CHII
826 778 838 799 ‚
868 749 984 787 fortis
1004 778 1016 798 ‚
1054 746 1283 787 musculosa.

610 824 642 855 r.
676 809 785 852 Orac
821 822 909 862 pars
943 810 1131 862 craffior,
1161 821 1280 852 cauae
1317 818 1357 849 ct
1391 809 1620 851 coronariae
1651 810 1817 853 orificiis

700 886 948 916 communis.

610 950 645 978 s.
677 935 896 978 Orificium
934 948 1059 977 venae
1095 938 1336 978 coronariae.
1406 947 1435 978 t.
1473 937 1575 978 Eius
1606 937 1763 979 limbus.

615 1016 654 1043 v.
693 1000 889 1041 Introitus
923 1001 963 1040 in
1002 1012 1143 1040 venam
1179 1012 1317 1040 cauam
1358 1001 1603 1042 inferiorem.

614 1079 664 1105 w.
701 1063 924 1114 Singularis
961 1075 1048 1115 pars
1083 1066 1122 1103 in
1155 1065 1303 1103 vitulo.
1392 1064 1459 1104 Est
1495 1062 1718 1116 superficies
1754 1064 1819 1103 in-

705 1137 816 1166 terna
854 1127 1006 1178 proprii
1046 1127 1150 1164 rami
1184 1125 1348 1172 dextri,
1378 1138 1462 1176 quo
1493 1139 1593 1165 vena
1629 1138 1722 1166 caua
1754 1129 1817 1165 in-

701 1189 823 1229 ferior
859 1190 900 1228 in
933 1189 1126 1227 dextrum
1161 1186 1292 1226 sinum
1328 1185 1445 1235 hiat,
1479 1197 1519 1226 ct
1551 1188 1714 1238 quidem
1753 1201 1820 1240 pa-

699 1251 814 1292 rietis
848 1251 1073 1306 posterioris
1106 1249 1224 1290 huius
1259 1250 1375 1290 rami.
1445 1249 1563 1291 Idem
1603 1250 1730 1305 paries
1749 1264 1822 1292 ex·

703 1324 815 1355 terne
850 1324 1015 1367 apparet
1050 1313 1142 1365 (fig
1189 1319 1229 1353 6.
1270 1313 1326 1354 Z.
1349 1317 1380 1360 ).

615 1392 713 1423 mx.
754 1379 810 1419 Ea
846 1390 935 1433 pars
957 1408 970 1429 ,
1002 1389 1101 1431 quae
1138 1377 1177 1417 in
1213 1377 1380 1418 homine
1413 1388 1524 1418 arcus
1554 1375 1617 1417 est.
1671 1379 1822 1428 Angu-

706 1442 769 1482 lus
804 1454 949 1495 nempe
983 1440 1192 1484 diuisionis
1225 1442 1404 1481 duorum
1426 1452 1637 1481 ramorum
1658 1437 1825 1492 (§.24.)

570 1508 573 1511 ’
608 1518 655 1561 y.
689 1506 852 1549 Cauitas
885 1506 989 1546 rami
1025 1504 1168 1545 sinistri
1190 1536 1201 1556 ‚
1245 1518 1326 1557 quo
1360 1498 1460 1545 vena
1514 1515 1609 1544 caua
1660 1505 1824 1544 inferior

705 1572 748 1614 in
783 1569 917 1611 smum
954 1567 1158 1610 sinistrum
1193 1568 1309 1619 hiat,
1351 1567 1432 1609 siue
1475 1569 1652 1609 foramen
1706 1566 1824 1609 ouale

707 1637 749 1678 in
786 1633 937 1687 pariete
972 1630 1185 1687 posteriori
1224 1641 1263 1670 et
1313 1631 1468 1673 sinistro
1519 1643 1644 1672 venae
1701 1643 1826 1672 cauae

706 1697 922 1740 inferioris.
1014 1694 1214 1738 Cauitatis
1266 1694 1386 1734 huius
1449 1697 1644 1747 parietem
1700 1694 1825 1735 efficit

704 1759 874 1801 valuula
909 1758 1014 1798 smus
1048 1759 1213 1810 sinistri,
1245 1770 1343 1811 quae
1379 1757 1495 1810 plicis
1528 1756 1607 1798 suis
1643 1767 1824 1811 apparet.

619 1845 657 1880 z.
691 1836 836 1878 Hiatus
871 1834 994 1876 huius
1025 1835 1212 1876 cauit-atis
1243 1835 1306 1874 seu
1341 1834 1443 1875 rami
1486 1832 1631 1875 sinistri
1677 1831 1718 1871 in
1771 1827 1830 1870 si-

709 1911 811 1941 num
847 1899 1061 1941 finistrum.

625 1975 675 2018 A.
710 1974 802 2015 Pars
834 1974 1012 2028 superior
1047 1971 1153 2014 finus
1187 1971 1339 2014 sinistri.

627 2046 676 2090 Β.
709 2045 934 2090 Otificium
969 2050 1163 2091 venosum
1197 2045 1415 2094 ventriculi
1449 2046 1594 2093 sinistri
1628 2036 1827 2100 apertumss

626 2120 675 2167 C·
712 2124 912 2171 Auricula
947 2122 1105 2169 sinissra.
1780 2163 1783 2166 .

1639 2182 1694 2226 D.
1712 2181 1759 2222 E.
1775 2177 1826 2221 F.
