2012 2724
471 192 560 235 238
600 184 684 227 DE
720 185 901 228 MOTV
937 181 1264 228 CORPORVM
1300 189 1648 237 RthDOttvM.

463 298 680 340 Caeterum
747 297 825 340 hoc
879 307 1176 351 argumentum
1234 299 1522 352 dignissimum
1574 306 1747 361 videtur,

466 363 571 415 quod
607 362 722 402 omni
758 363 885 404 studio
916 361 1167 415 excolatur3
1241 378 1335 405 cum
1374 366 1464 406 inde
1501 381 1579 408 non
1617 371 1746 410 solum

464 426 504 464 in
543 425 777 468 mechanica
813 427 872 468 sed
905 430 1032 469 etiam
1068 429 1108 468 in
1144 429 1314 482 Analyst
1341 433 1502 482 egregia
1526 434 1749 474 incremen-

464 497 503 528 ta
538 489 741 543 expectari
776 504 936 545 queant.

617 555 651 604 §.
700 566 771 604 50.
821 555 1062 608 Antequam
1114 553 1192 596 hoc
1241 567 1534 608 argumentum
1590 562 1747 615 penitus

463 615 640 658 deseram
677 621 832 663 fortasse
871 620 977 660 haud
1013 620 1075 660 abs
1115 631 1155 658 re
1207 621 1284 660 erit
1337 625 1532 663 annotasse
1556 659 1565 677 ,
1616 636 1746 667 ternas

460 683 716 731 aequationes
752 687 782 734 §.
824 688 897 734 46.
935 685 1023 724 latis
1060 685 1279 724 commode
1313 686 1360 725 ad
1417 688 1510 726 duas
1563 693 1743 729 reuocari

461 743 599 799 posse,
649 747 750 788 dum
801 748 1006 790 variabilis
1040 756 1082 798 t,
1138 747 1253 786 cuius
1287 748 1549 792 differentiale
1586 762 1746 792 tantum

462 810 688 861 ingreditur
722 814 881 867 penitus
916 810 1186 863 eliminatur,
1244 812 1283 852 id
1318 814 1420 864 quod
1456 815 1651 855 facillime
1687 817 1746 855 ef-

465 872 537 912 fici
575 876 723 925 poterit
758 877 933 928 primam
970 877 1255 928 aequationem
1310 889 1378 928 per
1426 887 1487 933 p,
1537 879 1745 919 secundam

463 948 536 989 per
567 947 591 989 q
625 947 665 978 et
701 941 861 980 tertiam
901 951 969 992 pet·
1016 950 1037 978 r
1089 938 1437 995 multiplicand03
1489 955 1579 983 tum
1631 944 1744 983 euim

465 998 644 1055 prodibit
678 1004 840 1051 sequens
874 1003 1058 1054 aequatio
1093 1003 1182 1041 satis
1213 1016 1444 1046 concinna:

563 1057 1375 1130 ''Q-{A4ffi''dt÷2d<1>:0‚

463 1139 568 1180 vnde
605 1141 734 1182 statim
769 1142 816 1182 fit

561 1203 623 1243 dt
641 1219 690 1245 Ξ
709 1228 751 1232 —
846 1210 857 1224 ι
887 1202 907 1226 Λ
931 1198 948 1224 d
967 1195 992 1230 Φ

768 1241 790 1269 91
909 1241 957 1270 Q
1074 1235 1124 1267 r’

464 1279 536 1331 qui
574 1281 686 1320 valor
724 1281 764 1320 in
802 1241 1150 1322 d'ussssus'ssfftum
1186 1278 1490 1333 aequationibus
1524 1278 1746 1319 substitutus

464 1344 730 1398 suppeditabit
761 1347 857 1386 duas
894 1355 1015 1385 nouas
1045 1345 1325 1397 aequatioues,
1356 1345 1394 1383 in
1417 1343 1561 1396 qubus
1585 1352 1747 1382 tantum

466 1417 544 1447 tres
580 1407 788 1449 variabiles
823 1409 954 1449 insunt
983 1421 996 1458 ,·
1029 1419 1202 1461 quarum
1241 1408 1327 1446 bina
1373 1418 1442 1459 per
1478 1407 1640 1445 tertiam
1676 1406 1750 1445 de-

469 1472 680 1512 terminari
713 1482 950 1525 oporteret:
988 1472 1151 1513 interim
1189 1481 1326 1511 tamen
1362 1470 1470 1510 nulla
1511 1471 1570 1510 via
1609 1478 1749 1521 patet,

465 1537 674 1588 quomodo
710 1535 785 1577 hoc
822 1536 1040 1577 commode
1094 1535 1275 1589 praestari
1333 1534 1478 1587 poffit3
1538 1534 1746 1586 praecipue

469 1598 542 1639 hac
575 1602 730 1640 ratione
767 1599 915 1640 solutio
948 1600 1013 1641 illa
1048 1600 1247 1653 simplex,
1275 1610 1374 1651 quae
1409 1600 1492 1638 iam
1544 1609 1565 1636 a
1619 1596 1747 1650 priori

465 1663 634 1713 constat,
670 1665 828 1715 prorsus
861 1664 1160 1705 excluderetur.
1215 1664 1323 1717 Quia
1357 1663 1467 1701 enim
1505 1662 1749 1713 quantitates

458 1734 505 1780 p,
537 1738 573 1777 q,
610 1738 631 1765 r
667 1727 755 1766 sunt
803 1727 1053 1775 constante5‚
1101 1726 1271 1777 angulus
1322 1737 1420 1764 vero
1471 1719 1513 1772 <D
1569 1723 1749 1774 tempori

468 1788 807 1842 proportionalis,
840 1791 1077 1842 neutiquam
1115 1788 1201 1827 ficri
1236 1788 1393 1840 potest,
1429 1796 1473 1825 vt
1510 1785 1578 1824 iste
1613 1795 1744 1835 angu-

472 1853 534 1892 lus
569 1865 641 1905 per
673 1855 911 1906 quantitates
937 1861 977 1906 p,
1010 1862 1049 1905 q,
1085 1865 1119 1901 r,
1156 1851 1426 1897 exprimatur.
1514 1848 1624 1887 Hanc
1660 1847 1744 1897 igi·

470 1927 536 1956 tur
592 1917 641 1957 ob
693 1916 864 1958 caussam
917 1916 984 1957 issa
1038 1915 1292 1965 inuestigatio
1326 1913 1498 1952 omnino
1537 1910 1746 1951 deserenda

470 1981 654 2030 videtur,
683 1982 892 2035 praecipue
926 1990 1024 2022 cum
1058 1979 1177 2018 huius
1212 1976 1449 2026 quatstionis
1482 1988 1559 2029 ope
1580 1975 1749 2015 metho-

472 2044 513 2084 di
559 2045 659 2085 olim
705 2044 869 2086 vfitatae
903 2046 983 2086 iam
1019 2042 1268 2096 completam
1306 2041 1556 2082 solutionem
1598 2039 1750 2079 elicue-

470 2109 550 2148 rim
578 2139 589 2161 ,
622 2121 698 2162 qua
731 2110 858 2162 igitur
891 2109 1132 2163 acquiescere
1165 2108 1363 2148 debemus.

1485 2193 1742 2239 THEORE—
