2012 2724
479 173 833 221 scuAcALAE
867 175 1169 222 n1sToR1A.·
1366 188 1460 236 469

173 289 231 332 sat
264 287 468 332 euidentes
502 293 619 343 sunt,
654 293 694 333 in
739 290 927 334 Schacala
949 324 960 344 ‚
1014 294 1164 347 pariter
1210 305 1258 335 ac
1296 294 1337 335 in
1373 295 1458 338 Ca-

169 355 288 397 nibus
323 354 581 406 longitudine
617 356 800 410 pilorum
840 356 900 396 illi
938 358 1182 410 aequalium,
1216 358 1459 401 obsoletiffi-

175 431 265 458 mae
296 429 336 461 et
371 421 446 461 vix
481 413 792 471 distinguendae.
860 417 960 459 Pilis
997 423 1133 462 trunci
1163 422 1455 477 interpositum

172 481 293 523 vellus
325 484 537 525 cinereum
558 513 570 534 ,
605 483 686 524 illis
723 483 896 524 dimidio
929 482 1100 527 breuius.
1165 485 1334 528 Colorum
1365 483 1451 529 ele-

170 547 351 598 gantiam
388 561 468 588 non
504 557 656 587 tantam
680 579 691 598 ‚
725 559 769 588 ac
805 548 987 588 auctores
1027 551 1448 606 depraedicauerunt‚

169 621 281 652 certe
315 611 475 652 nullum
512 614 599 651 auri
635 613 810 653 nitorem
848 613 1065 667 percipio;
1120 614 1274 655 animal
1310 626 1446 656 totum

167 675 284 728 supra
320 675 470 716 sordide
504 675 700 726 fuluum,
738 678 856 729 nigro
889 678 930 717 in
968 678 1083 719 dorso
1119 677 1244 732 plus,
1303 679 1345 719 in
1383 680 1448 721 Ia-

164 741 314 779 teribus
351 739 488 779 minus
521 742 981 792 adumbratum‚subtus
1014 740 1449 796 lutescerti-albidum,

164 801 286 842 Pedes
320 804 550 845 vnicolores
596 804 918 856 brunnen-fului,
943 809 1051 860 carpi
1072 807 1226 849 flexura
1259 809 1439 850 anterius

158 865 341 919 saepius,
377 881 457 908 non
491 870 670 922 semper,
703 870 860 909 macula
891 869 1063 910 obsoleta
1101 870 1324 921 nigricante
1360 884 1439 911 no·

158 937 252 972 tata.
318 929 456 972 cauda
491 934 606 974 dorso
639 932 859 978 concolor,
901 931 1015 982 apice
1051 933 1183 982 nigro.
1228 931 1310 972 Pili
1332 932 1440 973 dorfi

157 994 279 1034 fasciis
313 1005 490 1046 quatuor
528 995 626 1049 pisti
647 1022 660 1044 ,
691 1007 791 1047 quae
824 995 871 1034 ad
906 993 1012 1034 basin
1059 994 1142 1036 alba
1167 1025 1178 1046 ‚
1229 995 1319 1036 dein
1376 997 1444 1037 ni-

156 1068 260 1109 gra,
295 1066 386 1098 tum
424 1057 531 1099 fulua
555 1088 567 1108 ‚
600 1060 714 1112 apice
758 1060 908 1099 iterum
958 1059 1072 1110 nigra
1097 1090 1108 1111 ‚
1142 1060 1297 1100 duabus
1350 1062 1440 1113 pri-

156 1121 238 1161 mis
275 1124 292 1170 ξ
325 1121 594 1175 longitudinis
628 1123 757 1162 totius
790 1123 866 1174 pili
900 1123 1220 1175 occupantibus3
1263 1123 1324 1164 sed
1362 1124 1437 1176 pili

154 1187 277 1240 apicis
305 1187 448 1226 caudae
483 1185 559 1225 basi
594 1194 754 1225 tantum
788 1183 937 1225 albidae
961 1214 973 1236 ‚
1005 1185 1096 1226 dein
1131 1195 1238 1227 totae
1286 1187 1436 1238 nigrae.

310 1280 557 1331 Dimenfiones
590 1281 772 1334 partium
806 1288 1102 1329 externarum,
1135 1292 1236 1332 quae
1270 1281 1312 1322 in
1346 1282 1437 1324 ani-

156 1343 255 1387 mali
289 1356 310 1384 a
349 1344 538 1397 plurimis
570 1345 756 1387 affinibus
790 1355 868 1384 non
895 1338 980 1383 ‘nisi
1025 1345 1293 1397 proportione
1340 1358 1436 1399 par-

154 1412 263 1450 tium
299 1409 506 1450 differente
541 1410 717 1450 maximi
755 1407 955 1448 momenti
1006 1408 1127 1454 sunt,
1177 1409 1277 1450 dabo
1326 1421 1434 1450 con-

151 1474 299 1514 formes
351 1473 432 1513 illis
469 1503 481 1525 ‚
530 1484 626 1527 quas
678 1472 759 1514 Cel.
810 1465 1164 1516 D’AVBENTON
1221 1472 1262 1513 in
1319 1472 1434 1516 Tamo

154 1536 256 1580 Vll.
293 1536 483 1591 Historiae
517 1536 762 1593 Buffimianae
790 1537 837 1577 de
873 1536 996 1587 Lupo
1029 1546 1068 1575 et
1108 1535 1246 1589 Vulpe
1301 1537 1429 1578 dedit.

151 1601 339 1643 Mensura
375 1601 548 1643 adhibita
586 1603 722 1644 eadem
756 1600 809 1644 est
844 1597 1018 1656 parisina
1055 1599 1276 1642 secundum
1330 1600 1427 1658 P0¹·.

154 1665 248 1707 lices
281 1676 321 1707 et
353 1665 488 1707 lineas.

1220 1759 1314 1813 poll.
1329 1756 1406 1804 linss

150 1826 384 1880 Longitudo
417 1829 462 1870 ab
495 1829 604 1880 apice
641 1827 756 1871 rostri
791 1828 837 1871 ad
864 1827 1011 1871 caudae
1032 1824 1203 1869 radicem
1234 1837 1289 1876 27
1356 1842 1384 1879 9

152 1892 342 1934 Altitudo
376 1895 422 1934 ab
456 1894 735 1946 interscapulio
775 1895 820 1939 ad
854 1896 1012 1948 apicem
1046 1893 1203 1944 digito-

214 1969 308 1996 rum
342 1958 574 1997 anticorum
657 1979 678 1989 -
796 1980 818 1990 -
919 1977 940 1988 -
1039 1977 1060 1988 -
1178 1978 1200 1984 -
1235 1963 1287 2002 17
1355 1948 1386 1992 6

150 2020 347 2062 Altitudo
378 2033 398 2060 a
434 2020 581 2062 lumbis
617 2021 663 2062 ad
697 2022 851 2078 apicem
873 2020 1099 2073 digitorum
1120 2029 1196 2071 po-

212 2087 401 2128 sticorum
458 2106 478 2115 -
594 2103 614 2112 -
735 2107 753 2117 -
905 2104 933 2114 -
1065 2102 1113 2126 -.
1183 2102 1192 2107 -
1233 2083 1284 2119 18
1340 2100 1382 2109 ·-

152 2145 388 2204 Longitudo
421 2147 565 2206 capitis
599 2159 619 2189 a
653 2147 780 2191 rostro
813 2148 860 2189 ad
894 2147 1055 2204 occiput
1100 2165 1117 2177 ·
1180 2165 1196 2174 ·
1241 2145 1272 2183 6
1338 2162 1383 2213 -ἶ-

716 2213 760 2256 N
780 2226 805 2254 n
823 2225 847 2253 n
884 2224 908 2262 3
1314 2203 1420 2248 Cir-
