2012 2724
531 204 623 245 412
825 181 908 223 DE
941 175 1267 222 foRAMmE
1305 174 1509 219 ovam.

591 316 625 344 s.
662 299 882 342 Truncus,
916 303 970 333 ex
1005 302 1088 343 quo
1140 289 1345 345 plurimae
1396 287 1545 329 harum
1598 286 1797 333 fibrarum

678 362 868 402 oriuntur
895 387 906 406 ‚
938 367 1050 398 ortus
1082 367 1132 396 ex
1167 355 1317 406 pariete
1349 353 1503 394 orificii
1541 353 1674 394 venosi
1708 352 1798 409 (g.)

590 438 620 471 t,
658 424 860 468 Notabilis
896 420 1103 462 fasciculus
1138 418 1330 459 fibrarum
1367 416 1675 470 murmurium,
1717 431 1799 473 quo

682 490 830 530 cauitas
864 485 960 526 basis
1001 482 1200 525 auriculae
1250 495 1269 522 a
1324 495 1434 536 parte
1488 482 1593 523 smus
1649 483 1800 524 sinistra

682 552 1091 604 distinguitur,0rtus
1123 558 1174 588 ex
1210 548 1360 600 pariete
1392 546 1542 588 orificii
1563 547 1695 588 venosi
1715 543 1801 602 (h.)

592 645 628 675 u.
667 631 829 681 Arcus,
863 641 945 683 quo
979 627 1117 668 eadem
1154 627 1302 667 ciuitas
1337 627 1515 680 superius
1548 629 1802 671 terminatur.

686 696 734 737 ln
767 707 860 735 eum
895 695 1109 734 continuat
1143 691 1343 732 fasciculus
1377 690 1469 746 (t.)

595 776 646 804 w.
684 758 909 802 Fasciculus
943 756 1136 798 fibrarum
1190 755 1480 796 muscularium
1533 759 1769 798 tenuiorum
1793 790 1807 811 ,

633 876 639 879 q
681 836 780 878 quae
818 825 966 876 partim
1002 832 1054 861 ex
1093 820 1243 873 pariete
1275 820 1427 862 orificii
1464 823 1614 871 venosi,
1652 823 1802 875 partim

644 884 647 886 μ
684 899 737 928 ex
772 888 900 926 limbo
934 884 1085 925 orificii
1125 896 1247 923 venae
1265 885 1497 925 coronariae
1534 886 1605 934 (z.
1630 888 1645 934 )
1668 889 1806 928 oriun-

686 961 786 1000 tur,
832 958 873 989 et
908 949 947 987 in
981 947 1153 985 eundem
1192 958 1332 986 arcum
1368 946 1434 999 (u.
1463 946 1475 1000 )
1507 949 1748 992 inseruntur.
1803 937 1809 942 ¹

595 1038 633 1067 x.
674 1023 792 1064 Sinus
828 1033 915 1075 pars
948 1021 1126 1073 superior
1163 1019 1294 1061 laeuis.
1372 1022 1499 1062 Paries
1537 1024 1741 1075 posterior.

585 1103 633 1140 y.
672 1087 804 1127 Paries
841 1086 946 1125 finus
979 1086 1186 1132 anterior,
1221 1084 1411 1125 similiter
1447 1085 1568 1126 laeuis
1605 1089 1726 1127 intus.

599 1165 637 1193 z.
673 1150 722 1191 In
759 1149 833 1189 hoc
868 1149 964 1188 loco
1000 1146 1194 1199 papillula
1230 1148 1291 1185 [eu
1329 1148 1581 1188 tuberculum
1618 1164 1808 1196 carneum

690 1214 787 1253 alias
821 1210 893 1251 effe
929 1210 1058 1261 solet,
1092 1220 1142 1249 cx
1181 1221 1263 1261 quo
1299 1220 1386 1250 tuin
1422 1209 1541 1251 fibrae
1577 1211 1649 1260 (w
1681 1211 1807 1266 )tum

694 1276 813 1318 limbi
846 1277 976 1316 carnei
1012 1272 1162 1315 orificii
1198 1286 1325 1315 venae
1359 1278 1587 1316 coronariae
1604 1277 1810 1323 oriuntur.

608 1373 649 1403 ς,
674 1372 713 1400 2.
739 1373 781 1409 3.
809 1371 850 1407 4.
877 1368 916 1406 ς.
954 1354 1182 1398 Orificium
1221 1370 1344 1398 venae
1375 1361 1614 1400 coronariae.

611 1440 646 1468 1.
682 1423 851 1465 Limbus
886 1422 1005 1463 huius
1037 1420 1186 1461 orificii
1222 1422 1352 1474 alter,
1403 1425 1473 1478 qui
1510 1424 1586 1466 situ
1620 1421 1813 1478 posterior

695 1487 750 1528 est
780 1517 793 1538 ‚
822 1487 939 1528 crassa
976 1485 1072 1526 fibra
1102 1499 1241 1527 carnea
1274 1488 1410 1538 fastus,

613 1565 653 1596 2.
695 1551 888 1593 Eiusdem
925 1551 1073 1592 limbus
1104 1563 1268 1592 carneus
1303 1553 1493 1594 anterior.

609 1630 651 1668 3.
691 1615 864 1657 Valuula
904 1614 1052 1656 orificii
1090 1627 1210 1655 venae
1253 1620 1494 1658 coronariae.
1575 1616 1816 1659 Tenerrima

701 1690 741 1720 et
777 1683 848 1720 vix
884 1679 1044 1721 visibilis
1079 1681 1118 1720 in
1155 1678 1230 1720 hoc
1263 1683 1427 1734 quidem
1463 1682 1616 1722 infante
1655 1692 1752 1721 erar.

610 1757 653 1794 4.
687 1741 852 1785 Cauitas
889 1743 1036 1784 orificii
1073 1745 1164 1795 ipsa.

615 1819 654 1859 5.
689 1807 826 1849 Limbi
865 1818 951 1859 pars
973 1839 984 1856 ,
1018 1819 1116 1859 quae
1149 1808 1382 1848 communis
1415 1806 1465 1849 est
1497 1805 1655 1849 orificio
1696 1817 1819 1846 venae

701 1873 935 1912 coronariae
986 1882 1027 1912 et
1077 1871 1220 1911 dextro
1271 1884 1392 1913 venae
1443 1883 1558 1911 cauae
1619 1869 1819 1910 inferioris

702 1935 880 1977 orificio.
948 1935 1016 1976 Ex
1050 1934 1124 1976 hoc
1161 1935 1288 1976 limbo
1321 1936 1480 1977 valuala
1521 1927 1818 1979 EVSTACHH

703 2001 962 2040 extremitate
996 2001 1059 2039 sua
1095 1999 1285 2041 anteriori
1318 2003 1472 2049 oritur,
1507 2012 1606 2051 quae
1642 1996 1819 2053 peculari

704 2063 839 2106 littera
870 2064 921 2103 ob
950 2063 1146 2104 defcstum
1186 2065 1264 2105 loci
1318 2065 1479 2107 indicari
1535 2077 1614 2104 non
1669 2062 1819 2116 potuit.

704 2126 755 2168 In
789 2129 977 2170 omnibus
999 2160 1011 2184 ,
1055 2140 1154 2185 quas
1190 2130 1306 2183 vidi,
1351 2130 1561 2178 iconibu5‚
1594 2130 1662 2171 hic
1698 2136 1822 2182 pecu·

1711 2187 1821 2230 liaris
